=LDR  01309aam a2200241   4500
=001  13593
=005  20251003085459.0
=008  250211s2017\\\\||||||||\c|||\00|\0\fre\d
=041  \\$afre
=100  \\$aBergé, Pierre$d1930-2017$1http://www.wikidata.org/entity/Q770037$939685$4col
=245  \\$aLa Bibliothèque de Pierre Bergé :$btroisième vente 28 Juin 2017
=260  \\$aParis$bSotheby's$c2017
=500  \\$aPierre Bergé was a French businessman and co-founder of the fashion label Yves Saint Laurent. He was also a great collector of art and books. 
=648  \0$a21st Century (2001-2100)$1http://www.wikidata.org/entity/Q6939$920812
=650  \0$aBook$1http://www.wikidata.org/entity/Q571$92285
=650  \0$aCollecting$1http://www.wikidata.org/entity/Q208165$92117
=650  \0$aAuction$1http://www.wikidata.org/entity/Q177923$93849
=650  \0$aMusic history$1http://www.wikidata.org/entity/Q846047$921373
=650  \0$aCatalogue$1http://www.wikidata.org/entity/Q2352616$1http://www.wikidata.org/entity/Q6941730$921484
=651  \0$aFrance$1http://www.wikidata.org/entity/Q142$9131
=942  \\$cBOO
=952  \\$00$10$2ddc$40$6BIB_4_000000000000000_FR_BERG$70$8BIB$913573$aORPH$bORPH$cKTS0$d2020-07-08$eKoopman$i47A14$l0$oBIB4 FR BERG$p20123768$r2021-01-12 00:00:00$w2021-01-12$yBOO$OKoopman
=999  \\$d13593

