=LDR  00365    a2200109   4500
=001  13596
=100  \\$as.n.$913703
=245  \\$aCollection M. Francis Guérault (d
=260  \\$c1935
=942  \\$cBOO
=952  \\$00$10$2ddc$40$6VIS_BELL$70$8VIS$913576$aORPH$bORPH$cKTS1_H$d2020-07-08$eKoopman$i47B11$l0$oVIS BELL$p20121503$r2021-01-12 00:00:00$w2021-01-12$yBOO$OKoopman
=999  \\$c13596$d13596

