=LDR  00755aas a2200169   4500
=001  13617
=008  231023i19861991||||||||\||||\00|\0\ger\d
=041  \\$ager
=245  \\$aAlte Musik Aktuell.$bAktuelle Informationen über Alte Musik
=260  \\$aRegensburg$bPro Musica Antiqua$c1986; 1988-91
=650  \0$aEarly music$1http://www.wikidata.org/entity/Q436016$93160
=650  \0$aHistorically informed performance$1http://www.wikidata.org/entity/Q1344860$920980
=650  \0$aPeriodical$1http://www.wikidata.org/entity/Q1002697$921106
=651  \0$aGermany$1http://www.wikidata.org/entity/Q183$9155
=942  \\$cBOO
=952  \\$00$10$2ddc$40$6PER_AM2$70$8PER$922998$aORPH$bORPH$cKM12_1$d2020-07-08$eKoopman$l0$oPER AM2$r2023-10-23 00:00:00$w2023-10-23$yPER
=999  \\$d13617

