=LDR  01036aas a2200169   4500
=001  13619
=008  211012i19782020\\\m||||\||||\00|\0\dut\d
=022  \\$a01659278
=245  \\$aAmstelodamum:$bmaandblad voor de kennis van Amsterdam
=260  \\$c1978; 1980; 1984-85; 1988-89; 1992-98; 2003; 2006-20
=500  \\$aIncomplete. Available issues: 65/3, 67/1, 71/5, 72/3, 75/1, 75/3, 76/1, 79/4, 80/2, 81/2, 81/3, 82/5, 83/3, 83/4, 84/4, 85/5, 85/6, 90/5, 93/4, 94/1, 94/2, 94/5, 95/3-4, 95/5, 95/6, 96/1, 96/4, 97/2, 97/4, 98/1, 98/3, 98/4, 99/2, 99/3, 99/4, 100/3-4, 101/1, 101/3, 101/4, 102/1, 102/3, 103/1, 103/3, 103/4, 104/1, 104/3, 104/4, 105/3, 105/4, 106, 107/1
=650  \0$aHistory$1http://www.wikidata.org/entity/Q309$921403
=651  \0$aAmsterdam (Netherlands)$1http://www.wikidata.org/entity/Q727$9135
=856  \\$uhttps://www.amstelodamum.nl/archieven/
=942  \\$cPER
=952  \\$00$10$2ddc$40$6TOP_NL_AMS$70$8TOP$912873$aORPH$bORPH$cKTS0$d2020-07-08$eKoopman$iTS$oTOP NL.AMS$p20129432$r2021-01-12 00:00:00$w2021-01-12$yPER
=999  \\$d13619

