=LDR  01109aas a2200217   4500
=001  13622
=008  231023i20042020|||q||||\||||\00|\0\ger\d
=022  \\$a00042919
=041  \\$ager
=100  \\$aBalz, Martin$4edt$926614
=110  \\$aGesellschaft der Orgelfreunde$1http://www.wikidata.org/entity/Q1518383$91218
=245  \\$aArs organi.$bInternationale Zeitschrift für das Orgelwesen
=260  \\$aDresden$bGesellschaft der Orgelfreunde$c2004-20
=505  \\$gJahrgang 52 (2004) nr. 4 - 68 (2020) nr. 1
Missing issues: 56/2, 58/2, 58/4, 59/1, 59/4, 60/2.
=650  \0$aOrganology$1http://www.wikidata.org/entity/Q899293$921400
=650  \0$aOrgan$1http://www.wikidata.org/entity/Q1444$92810
=650  \0$aOrgan music$1https://www.wikidata.org/entity/Q2003283$1https://www.wikidata.org/wiki/Q116958279$91951
=856  \\$uhttps://www.gdo.de/inhalt-letzte-jgg#c1628$3contents of recent issues of Ars Organi
=942  \\$cPER
=952  \\$00$10$2ddc$40$6INS_PER3_1_000000000000000_AO2$70$8INS$922999$aORPH$bORPH$cKTS0$d2020-07-08$eKoopman$l0$oINS PER3.1 AO2$p20129471$r2023-10-23 00:00:00$w2023-10-23$yPER
=999  \\$d13622

