=LDR  00886    a2200157   4500
=001  13623
=110  \\$aGottfried-Silbermann-Gesellschaft (Freiberg, Germany)$4edt$927135
=245  \\$aFreiberger Studien zur Orgel.$bOrgelbau, Orgelmusik, Interpretationsfragen
=260  \\$c1992-95$aFreiberg$bEbert
=650  \0$aOrgan$1http://www.wikidata.org/entity/Q1444$92810
=650  \0$aPerformance$1http://www.wikidata.org/entity/Q6942562$926223
=650  \0$aOrganology$1http://www.wikidata.org/entity/Q899293$921400
=942  \\$cBOO
=952  \\$00$10$2ddc$3vol. 4$40$6INS_3_000000000000000_1A$70$8INS$923231$aORPH$bORPH$cKTS0$d2020-07-08$eKoopman$i21D30$l0$oINS 3.1a$p20128272$r2024-03-03 00:00:00$w2021-01-12$yBOO
=952  \\$00$10$2ddc$3vol. 3$40$6INS_3_000000000000000_1A$70$8INS$923232$aORPH$bORPH$cKTS0$d2020-07-08$eKoopman$i21D29$l0$oINS 3.1a$p20128273$r2021-01-12 00:00:00$w2021-01-12$yBOO
=999  \\$d13623

