=LDR  03396aas a2200349   4500
=001  13626
=008  220530i19731992||||||||\||||\00|\0\jap\d
=041  \\$ajpn$deng
=245  \\$aOrgan Kenkyu.$bAnnual Report of Japan Organ Society
=246  \1$aOrgan-Kenkyu
=260  \\$bJapan Organ Society$c1973-76; 1981-83; 1986-92$aTokyo
=300  \\$a14 vols.
=505  \\$gvols. 1-4, 9-11, 14-20
=650  \0$aOrgan$1http://www.wikidata.org/entity/Q1444$92810
=650  \0$aOrgan music$1https://www.wikidata.org/entity/Q2003283$1https://www.wikidata.org/wiki/Q116958279$91951
=651  \0$aJapan$1http://www.wikidata.org/entity/Q17$921369
=942  \\$cPER
=952  \\$00$10$2ddc$3vol. 10$40$6INS_PER3_1_000000000000000_OK1$70$8INS$911637$aORPH$bORPH$cKTS0$d2020-07-08$eKoopman$oINS PER3.1 OK1$p20123576$r2021-01-12 00:00:00$w2021-01-12$yPER$OKoopman
=952  \\$00$10$2ddc$3vol.  14$40$6INS_PER3_1_000000000000000_OK1$70$8INS$911678$aORPH$bORPH$cKTS0$d2020-07-08$eKoopman$oINS PER3.1 OK1$p20125474$r2021-01-12 00:00:00$w2021-01-12$yPER$OKoopman
=952  \\$00$10$2ddc$3vol. 20$40$6INS_PER3_1_000000000000000_OK1$70$8INS$911679$aORPH$bORPH$cKTS0$d2020-07-08$eKoopman$oINS PER3.1 OK1$p20125473$r2021-01-12 00:00:00$w2021-01-12$yPER$OKoopman
=952  \\$00$10$2ddc$3vol. 11$40$6INS_PER3_1_000000000000000_OK1$70$8INS$911680$aORPH$bORPH$cKTS0$d2020-07-08$eKoopman$oINS PER3.1 OK1$p20129130$r2021-01-12 00:00:00$w2021-01-12$yPER$OKoopman
=952  \\$00$10$2ddc$3vol. 15$40$6INS_PER3_1_000000000000000_OK1$70$8INS$911681$aORPH$bORPH$cKTS0$d2020-07-08$eKoopman$oINS PER3.1 OK1$p20129129$r2021-01-12 00:00:00$w2021-01-12$yPER$OKoopman
=952  \\$00$10$2ddc$3vol. 16$40$6INS_PER3_1_000000000000000_OK1$70$8INS$911682$aORPH$bORPH$cKTS0$d2020-07-08$eKoopman$oINS PER3.1 OK1$p20129128$r2021-01-12 00:00:00$w2021-01-12$yPER$OKoopman
=952  \\$00$10$2ddc$3vol. 17$40$6INS_PER3_1_000000000000000_OK1$70$8INS$911683$aORPH$bORPH$cKTS0$d2020-07-08$eKoopman$oINS PER3.1 OK1$p20129127$r2021-01-12 00:00:00$w2021-01-12$yPER$OKoopman
=952  \\$00$10$2ddc$3vol 18$40$6INS_PER3_1_000000000000000_OK1$70$8INS$911684$aORPH$bORPH$cKTS0$d2020-07-08$eKoopman$oINS PER3.1 OK1$p20129126$r2021-01-12 00:00:00$w2021-01-12$yPER$OKoopman
=952  \\$00$10$2ddc$3vol. 19$40$6INS_PER3_1_000000000000000_OK1$70$8INS$911685$aORPH$bORPH$cKTS0$d2020-07-08$eKoopman$oINS PER3.1 OK1$p20129125$r2021-01-12 00:00:00$w2021-01-12$yPER$OKoopman
=952  \\$00$10$2ddc$3vol. 1$40$6INS_PER3_1_000000000000000_OK1$70$8INS$912091$aORPH$bORPH$cKTS0$d2020-07-08$eKoopman$oINS PER3.1 OK1$p20129135$r2021-01-12 00:00:00$w2021-01-12$yPER$OKoopman
=952  \\$00$10$2ddc$3vol. 2$40$6INS_PER3_1_000000000000000_OK1$70$8INS$912092$aORPH$bORPH$cKTS0$d2020-07-08$eKoopman$oINS PER3.1 OK1$p20129134$r2021-01-12 00:00:00$w2021-01-12$yPER$OKoopman
=952  \\$00$10$2ddc$3vol 3$40$6INS_PER3_1_000000000000000_OK1$70$8INS$912093$aORPH$bORPH$cKTS0$d2020-07-08$eKoopman$oINS PER3.1 OK1$p20129133$r2021-01-12 00:00:00$w2021-01-12$yPER$OKoopman
=952  \\$00$10$2ddc$3vol. 4$40$6INS_PER3_1_000000000000000_OK1$70$8INS$912094$aORPH$bORPH$cKTS0$d2020-07-08$eKoopman$oINS PER3.1 OK1$p20129132$r2021-01-12 00:00:00$w2021-01-12$yPER$OKoopman
=952  \\$00$10$2ddc$3vol. 9$40$6INS_PER3_1_000000000000000_OK1$70$8INS$912095$aORPH$bORPH$cKTS0$d2020-07-08$eKoopman$oINS PER3.1 OK1$p20129131$r2021-01-12 00:00:00$w2021-01-12$yPER$OKoopman
=999  \\$d13626

