=LDR  01466aas a2200241   4500
=001  13627
=005  20250926134857.0
=008  211126c1970\\\\\\\|||||\||||\00|\0\eng\d
=022  \\$a00053600
=041  \\$aeng
=110  \\$4edt$aRiemenschneider Bach Institute (Baldwin Wallace University, Berea, OH, USA)$923112
=245  \\$aBach
=260  \\$aBerea, OH$bRiemenschneider Bach Institute$c1970-78; 1979-2018
=500  \\$aOriginally: "Bach. The Quarterly Journal of the Riemenschneider Bach Institute", later "Bach. Journal of the Riemenschneider Bach Institute, Baldwin Wallace University"
=500  \\$aHoldings: vol.1 no. 1 (1970) - vol. IX no. 3 (1978); vol. X no. 1 (1979) - vol. XIX no. 3 (1988); vol. XX no. 1-3 (1989); vol. XXI no. 1-3 (1990); vol. XXII (1991) - vol. XXXIX no. 1 (2008); vol. XL, no. 1 (2009) - vol. XLVIII, no. 1 (2017); vol. 48 no. 2 & no. 1 (2018); cumulative index 1970-1992
=600  \0$aBach, Johann Sebastian$d1685-1750$1http://www.wikidata.org/entity/Q1339$94766
=648  \0$a18th Century (1701-1800)$1http://www.wikidata.org/entity/Q7015$920899
=650  \0$aComposer$1http://www.wikidata.org/entity/Q36834$93625
=650  \0$aPeriodical$1http://www.wikidata.org/entity/Q1002697$921106
=651  \0$aGermany$1http://www.wikidata.org/entity/Q183$9155
=942  \\$cBOO
=952  \\$00$10$2ddc$40$6BIO_BACH1_F$70$8BIO$913596$aORPH$bORPH$cKTS1_P$d2020-07-08$eKoopman$oBIO BACH1 f$p20125951$r2021-01-12 00:00:00$w2021-01-12$yPER
=999  \\$d13627

