=LDR  00980aas a2200241   4500
=001  13629
=008  221222d19772004|||a||||\||||\00|\0\mul\d
=041  \\$ager$aeng
=245  \\$aBasler Jahrbuch fur historische Musikpraxis$nvols. 1-24; 28
=260  \\$aWinterthur$bAmadeus$c1977-2000; 2004
=300  \\$a21 vols.
=500  \\$aAvailable online until 2014
=650  \0$aEarly music$1http://www.wikidata.org/entity/Q436016$93160
=650  \0$aHistorically informed performance$1http://www.wikidata.org/entity/Q1344860$920980
=700  \\$4edt$aArlt, Wulf$917364
=700  \\$4edt$aRapp, Regula$912416
=700  \\$4edt$aReidemeister, Peter$920857
=700  \\$4edt$aDrescher, Thomas$925513
=700  \\$4edt$aKirnbauer, Martin$920626
=856  \\$uhttps://www.e-periodica.ch/digbib/volumes?UID=bjm-001
=942  \\$cPER
=952  \\$00$10$2ddc$40$6PER_BJ$70$8PER$913597$aORPH$bORPH$cKM12_1$d2020-07-08$eKoopman$l0$oPER BJ$p20129424$r2021-01-12 00:00:00$w2021-01-12$yPER$OBJ2
=999  \\$d13629

