=LDR  01047aas a2200229   4500
=001  13630
=005  20250926134857.0
=008  211126d19831991\\\|||||\||||\00|\0\ger\d
=022  \\$a02330105
=041  \\$ager
=110  \\$4edt$aBach-Archiv Leipzig (Germany)$1http://www.wikidata.org/entity/Q798038$91212
=245  \\$aBeiträge zur Bachforschung
=260  \\$aLeipzig$bNationale Forschungs- und Gedenkstätten Johann Sebastian Bach der DDR$c1983-91
=500  \\$aHoldings: vol. 2-9/10
=600  \0$aBach, Johann Sebastian$d1685-1750$1http://www.wikidata.org/entity/Q1339$94766
=648  \0$a18th Century (1701-1800)$1http://www.wikidata.org/entity/Q7015$920899
=650  \0$aComposer$1http://www.wikidata.org/entity/Q36834$93625
=650  \0$aPeriodical$1http://www.wikidata.org/entity/Q1002697$921106
=651  \0$aGermany$1http://www.wikidata.org/entity/Q183$9155
=942  \\$cPER
=952  \\$00$10$2ddc$40$6BIO_BACH1_F$70$8BIO$913598$aORPH$bORPH$cKTS1_P$d2020-07-08$eKoopman$oBIO BACH1 f$p20129473$r2021-01-12 00:00:00$w2021-01-12$yPER
=999  \\$d13630

