=LDR  01742aam a2200277   4500
=001  13631
=008  211028i19882005\\\|||||\||||\00|\0\ger\d
=041  \\$ager
=245  \\$aBeiträge zur musikalischen Quellenforschung$nvols. 3-6
=260  \\$aBad Köstritz$bForschungs- und Gedenkstätte Heinrich-Schütz-Haus Bad Köstritz$c1988-2005
=300  \\$a5 volumes
=490  \\$aProtokollbände wissenschaftlicher Kolloquien$v3-6
=600  \0$aSchütz, Heinrich$d1585-1672$1http://www.wikidata.org/entity/Q153643$97240
=651  \0$aThuringia (Germany)$1http://www.wikidata.org/entity/Q1205$922311
=700  \\$4edt$aStein, I.$914208
=700  \\$4edt$aBöcher, F.$99704
=700  \\$4edt$aBöttger, G.$922644
=700  \\$4edt$aRoch, E.$922509
=700  \\$4edt$aSchulze, Walter$913975
=942  \\$cBOO
=952  \\$00$10$2ddc$3Band 5$40$6BIB_1_000000000000000_BEIT$70$8BIB$96074$aORPH$bORPH$cKTS0$d2020-07-08$eKoopman$i42C03_05$oBIB1 BEIT$p20122070$r2021-01-12 00:00:00$w2021-01-12$yBOO
=952  \\$00$10$2ddc$3Band 2$40$6BIB_1_000000000000000_BEIT$70$8BIB$911293$aORPH$bORPH$cKTS0$d2020-07-08$eKoopman$i42C03_02$oBIB1 BEIT$p20122073$r2021-01-12 00:00:00$w2021-01-12$yBOO
=952  \\$00$10$2ddc$3Band 3$40$6BIB_1_000000000000000_BEIT$70$8BIB$911294$aORPH$bORPH$cKTS0$d2020-07-08$eKoopman$i42C03_03$oBIB1 BEIT$p20122072$r2021-01-12 00:00:00$w2021-01-12$yBOO
=952  \\$00$10$2ddc$3Band 4$40$6BIB_1_000000000000000_BEIT$70$8BIB$911295$aORPH$bORPH$cKTS0$d2020-07-08$eKoopman$i42C03_04$oBIB1 BEIT$p20122071$r2021-01-12 00:00:00$w2021-01-12$yBOO
=952  \\$00$10$2ddc$3Band 6$40$6BIB_1_000000000000000_BEIT$70$8BIB$913599$aORPH$bORPH$cKTS0$d2020-07-08$eKoopman$i42C03_06$oBIB1 BEIT$p20122074$r2021-01-12 00:00:00$w2021-01-12$yBOO
=999  \\$d13631

