=LDR  00666aas a2200169   4500
=001  13634
=008  241025i19631985||||||||\||||\00|\0\eng\d
=022  \\$a02689111
=041  \\$aeng
=245  \\$aThe Consort.$bJournal of the Dolmetsch Foundation
=260  \\$aHaslemere, Surrey$bDolmetsch Foundation$c1963; 1965; 1967-8; 1985
=300  \\$a5 volumes
=650  \0$aEarly music$1http://www.wikidata.org/entity/Q436016$93160
=650  \0$aPeriodical$1http://www.wikidata.org/entity/Q1002697$921106
=942  \\$cPER
=952  \\$00$10$2ddc$40$6PER_CO1$70$8PER$913602$aORPH$bORPH$cKM12_1$d2020-07-08$eKoopman$l0$oPER CO1$p20129480$r2021-01-12 00:00:00$w2021-01-12$yPER$OCO1
=999  \\$d13634

