=LDR  01822aas a2200253   4500
=001  13636
=005  20250925143300.0
=008  240222i19532020|||q||||\||||\00|\0\mul\d
=022  \\$a01659510
=041  \\$adut$deng
=110  \\$aRijksmuseum (Amsterdam, Netherlands)$1http://www.wikidata.org/entity/Q190804$4edt$91244
=245  \\$aBulletin van het Rijksmuseum$b= The Rijksmuseum Bulletin
=260  \\$aAmsterdam$bRijksmuseum$c1953-2020
=500  \\$aThe Rijksmuseum Bulletin is a quarterly peer-reviewed journal presenting scholarly articles that contribute to historical and art-historical research into the Rijksmuseum collections. In addition, there are short notices and acquisition descriptions that highlight interesting features of objects on display or in depot. The Bulletin is read by an international audience of curators, scholars, students, art professionals and enthusiasts.
=500  \\$aAlmost complete collection of the 'Bulletin' until 2020 nr. 2. Lacks 1957 n° 2 & 3, 1958 n° 3 & 4, 1968 n° 1 & 4, 1977 n° 1, 1980 n° 2, 1989 n° 4, 1990 n° 1 & 3, 1992 n° 1 & 3, 1994 n° 4, 1997 n° 2, 3 & 4, 1999 n° 1, 2000 n° 1, 2 & 3.
=610  \0$aRijksmuseum (Amsterdam, Netherlands)$1http://www.wikidata.org/entity/Q190804$91244
=648  \0$a20th Century (1901-2000)$1http://www.wikidata.org/entity/Q6927$920936
=648  \0$a21st Century (2001-2100)$1http://www.wikidata.org/entity/Q6939$920812
=650  \0$aFine art$1http://www.wikidata.org/entity/Q219625$921579
=650  \0$aPeriodical$1http://www.wikidata.org/entity/Q1002697$921106
=651  \0$aAmsterdam (Netherlands)$1http://www.wikidata.org/entity/Q727$9135
=942  \\$cPER
=952  \\$00$10$2ddc$40$6PER_RB1$70$8VIS$913604$aORPH$bORPH$cKTS1_H$d2020-07-08$eKoopman$l0$oPER RB1$p20129475$r2021-01-12 00:00:00$w2021-01-12$yPER$ORB1
=999  \\$d13636

