=LDR  00869aas a2200181   4500
=001  13638
=008  241101i19952020||||||||\||||\00|\0\dut\d
=041  \\$adut
=110  \\$aStichting Clavecimbel Genootschap Nederland$927805
=245  \\$aHet Clavecimbel
=260  \\$c1994; 1996-97; 2001-20
=505  \\$g2/1, 4/1, 5/1, 8/2, 9/2, 12-14/1, 15-16, 17/2-19, 20/2-24, 25/2-27/1
=650  \0$aHarpsichord$1http://www.wikidata.org/entity/Q81982$92125
=651  \0$aNetherlands$1http://www.wikidata.org/entity/Q55$1https://www.wikidata.org/wiki/Q29999$9173
=856  \\$uhttps://www.scgn.org/tijdschrift/tijdschrift_archief.html$3online archive of Het Clavecimbel
=942  \\$cPER
=952  \\$00$10$2ddc$40$6INS_PER3_2_000000000000000_CL1$70$8INS$913606$aORPH$bORPH$cKTS0$d2020-07-08$eKoopman$l0$oINS PER3.2 CL1$p20143908$r2021-01-12 00:00:00$w2021-01-12$yPER$OINS 3.2 z Clve
=999  \\$d13638

