=LDR  00326    a2200097   4500
=001  13640
=245  \\$aCöthener Bach-Hefte
=260  \\$c1992; 1998-2013
=942  \\$cBOO
=952  \\$00$10$2ddc$40$6BIO_BACH1_F$70$8BIO$913608$aORPH$bORPH$cKTS1_P$d2020-07-08$eKoopman$oBIO BACH1 f$p20129481$r2021-01-12 00:00:00$w2021-01-12$yPER$OCB1
=999  \\$c13640$d13640

