=LDR  00886aas a2200205   4500
=001  13641
=008  241030k19822006||||||||\||||\00|\0\eng\d
=022  \\$a08998132
=041  \\$aeng
=110  \\$aSoutheastern Historical Keyboard Society$927794
=245  \\$aEarly Keyboard Journal
=260  \\$c1982/83; 1985/86; 1990; 1992-96; 1998/99-2006
=505  \\$gVols. 1, 4, 8, 10-14, 16-24.
=650  \0$aPiano$1http://www.wikidata.org/entity/Q5994$1https://www.wikidata.org/wiki/Q1521313$92127
=650  \0$aKeyboard music$1http://www.wikidata.org/entity/Q105715630$921412
=650  \0$aKeyboard instrument$1http://www.wikidata.org/entity/Q52954$92849
=710  \\$aMidwestern Historical Keyboard Society$927795
=942  \\$cPER
=952  \\$00$10$2ddc$40$6INS_PER3_EK1$70$8INS$913609$aORPH$bORPH$cKTS0$d2020-07-08$eKoopman$l0$oINS PER3 EK1$p20129482$r2021-01-12 00:00:00$w2021-01-12$yPER
=999  \\$d13641

