=LDR  01077aas a2200217   4500
=001  13642
=008  231201i19841995|||q||||\||||\00|\0\eng\d
=041  \\$aeng
=100  \\$aHayes, Gregory$4edt$926771
=110  \\$aWestfield Center for Historical Keyboard Studies$927796
=245  \\$aEarly Keyboard Studies Newsletter
=260  \\$aIthaca, NY$bWestfield Center for Early Keyboard Studies$c1984-95
=505  \\$g1/1-3, 2/1-4, 3/1-4, 4/1-4, 5/1,2,4, 6/1-4, 7/1-4, 8/1,3,4, 9/2
=650  \0$aKeyboard instrument$1http://www.wikidata.org/entity/Q52954$92849
=650  \0$aKeyboard music$1http://www.wikidata.org/entity/Q105715630$921412
=650  \0$aOrganology$1http://www.wikidata.org/entity/Q899293$921400
=650  \0$aPeriodical$1http://www.wikidata.org/entity/Q1002697$921106
=856  \\$uhttps://westfield.org/publications/newsletter/$3Westfield Center Newsletter archive page
=942  \\$cPER
=952  \\$00$10$2ddc$40$6INS_PER3_EK2$70$8INS$913610$aORPH$bORPH$cKTS0$d2020-07-08$eKoopman$l0$oINS PER3 EK2$p20129483$r2021-01-12 00:00:00$w2021-01-12$yPER$OINS 3 z EKSN
=999  \\$d13642

