=LDR  40666aas a2202485   4500
=001  13643
=008  211019c1973\\\\\\\|||||\||||\00|\0\eng\d
=022  \\$a03061078
=041  \\$aeng
=245  \\$aEarly Music
=260  \\$aOxford$bOxford University Press$c1973-80; 1983-98; 2003-18
=500  \\$aHoldings: vol. 1 (1973)-8 (1980); vol. 11 (1983)-26 (1998); vol. 30 (2003)-46 (2018) 
=648  \0$aMiddle Ages (500-1400)$1http://www.wikidata.org/entity/Q12554$920964
=648  \0$aRenaissance (1400-1600)$1http://www.wikidata.org/entity/Q4692$920965
=648  \0$a17th Century (1601-1700)$1http://www.wikidata.org/entity/Q7016$920923
=648  \0$a18th Century (1701-1800)$1http://www.wikidata.org/entity/Q7015$920899
=650  \0$aMusic history$1http://www.wikidata.org/entity/Q846047$921373
=650  \0$aOrganology$1http://www.wikidata.org/entity/Q899293$921400
=650  \0$aHistorically informed performance$1http://www.wikidata.org/entity/Q1344860$920980
=700  \\$4edt$aThomson, John Mansfield$d1926-1999$1http://www.wikidata.org/entity/Q55997880$914401
=700  \\$4edt$aDeeming, Helen$922562
=700  \\$4edt$aHoward, Alan$922563
=700  \\$4edt$aRose, Stephen$922246
=942  \\$cPER
=952  \\$00$10$2ddc$40$6PER_EM1$70$8PER$913611$aORPH$bORPH$cKM12_1$d2020-07-08$eKoopman$oPER EM1$p20129484$r2021-01-12 00:00:00$w2021-01-12$yPER
=952  \\$00$10$2ddc$3Early Music, Vol.1 No.1 1973$40$6PER_EM1$70$925304$aORPH$bORPH$cKM12_1$d2020-07-08$l0$oPER EM1$p20129484v1n1$r2021-01-12 00:00:00$w2021-01-12$yPER$zhttps://www.jstor.org/stable/i356981
=952  \\$00$10$2ddc$3Early Music, Vol.1 No.2 1973$40$6PER_EM1$70$925305$aORPH$bORPH$cKM12_1$d2020-07-08$l0$oPER EM1$p20129484v1n2$r2021-01-12 00:00:00$w2021-01-12$yPER$zhttps://www.jstor.org/stable/i356982
=952  \\$00$10$2ddc$3Early Music, Vol.1 No.3 1973$40$6PER_EM1$70$925306$aORPH$bORPH$cKM12_1$d2020-07-08$l0$oPER EM1$p20129484v1n3$r2021-01-12 00:00:00$w2021-01-12$yPER$zhttps://www.jstor.org/stable/i356983
=952  \\$00$10$2ddc$3Early Music, Vol.1 No.4 1973$40$6PER_EM1$70$925307$aORPH$bORPH$cKM12_1$d2020-07-08$l0$oPER EM1$p20129484v1n4$r2021-01-12 00:00:00$w2021-01-12$yPER$zhttps://www.jstor.org/stable/i356984
=952  \\$00$10$2ddc$3Early Music, Vol.2 No.1 1974$40$6PER_EM1$70$925308$aORPH$bORPH$cKM12_1$d2020-07-08$l0$oPER EM1$p20129484v2n1$r2021-01-12 00:00:00$w2021-01-12$yPER$zhttps://www.jstor.org/stable/i356985
=952  \\$00$10$2ddc$3Early Music, Vol.2 No.2 1974$40$6PER_EM1$70$925309$aORPH$bORPH$cKM12_1$d2020-07-08$l0$oPER EM1$p20129484v2n2$r2021-01-12 00:00:00$w2021-01-12$yPER$zhttps://www.jstor.org/stable/i356986
=952  \\$00$10$2ddc$3Early Music, Vol.2 No.3 1974$40$6PER_EM1$70$925310$aORPH$bORPH$cKM12_1$d2020-07-08$l0$oPER EM1$p20129484v2n3$r2021-01-12 00:00:00$w2021-01-12$yPER$zhttps://www.jstor.org/stable/i356987
=952  \\$00$10$2ddc$3Early Music, Vol.2 No.4 1974$40$6PER_EM1$70$925311$aORPH$bORPH$cKM12_1$d2020-07-08$l0$oPER EM1$p20129484v2n4$r2021-01-12 00:00:00$w2021-01-12$yPER$zhttps://www.jstor.org/stable/i356988
=952  \\$00$10$2ddc$3Early Music, Vol.3 No.1 1975$40$6PER_EM1$70$925312$aORPH$bORPH$cKM12_1$d2020-07-08$l0$oPER EM1$p20129484v3n1$r2021-01-12 00:00:00$w2021-01-12$yPER$zhttps://www.jstor.org/stable/i356989
=952  \\$00$10$2ddc$3Early Music, Vol.3 No.2 1975$40$6PER_EM1$70$925313$aORPH$bORPH$cKM12_1$d2020-07-08$l0$oPER EM1$p20129484v3n2$r2021-01-12 00:00:00$w2021-01-12$yPER$zhttps://www.jstor.org/stable/i356990
=952  \\$00$10$2ddc$3Early Music, Vol.3 No.3 1975$40$6PER_EM1$70$925314$aORPH$bORPH$cKM12_1$d2020-07-08$l0$oPER EM1$p20129484v3n3$r2021-01-12 00:00:00$w2021-01-12$yPER$zhttps://www.jstor.org/stable/i356991
=952  \\$00$10$2ddc$3Early Music, Vol.3 No.4 1975$40$6PER_EM1$70$925315$aORPH$bORPH$cKM12_1$d2020-07-08$l0$oPER EM1$p20129484v3n4$r2021-01-12 00:00:00$w2021-01-12$yPER$zhttps://www.jstor.org/stable/i356992
=952  \\$00$10$2ddc$3Early Music, Vol.4 No.1 1976$40$6PER_EM1$70$925316$aORPH$bORPH$cKM12_1$d2020-07-08$l0$oPER EM1$p20129484v4n1$r2021-01-12 00:00:00$w2021-01-12$yPER$zhttps://www.jstor.org/stable/i356993
=952  \\$00$10$2ddc$3Early Music, Vol.4 No.2 1976$40$6PER_EM1$70$925317$aORPH$bORPH$cKM12_1$d2020-07-08$l0$oPER EM1$p20129484v4n2$r2021-01-12 00:00:00$w2021-01-12$yPER$zhttps://www.jstor.org/stable/i356994
=952  \\$00$10$2ddc$3Early Music, Vol.4 No.3 1976$40$6PER_EM1$70$925318$aORPH$bORPH$cKM12_1$d2020-07-08$l0$oPER EM1$p20129484v4n3$r2021-01-12 00:00:00$w2021-01-12$yPER$zhttps://www.jstor.org/stable/i356995
=952  \\$00$10$2ddc$3Early Music, Vol.4 No.4 1976$40$6PER_EM1$70$925319$aORPH$bORPH$cKM12_1$d2020-07-08$l0$oPER EM1$p20129484v4n4$r2021-01-12 00:00:00$w2021-01-12$yPER$zhttps://www.jstor.org/stable/i356996
=952  \\$00$10$2ddc$3Early Music, Vol.5 No.1 1977$40$6PER_EM1$70$925320$aORPH$bORPH$cKM12_1$d2020-07-08$l0$oPER EM1$p20129484v5n1$r2021-01-12 00:00:00$w2021-01-12$yPER$zhttps://www.jstor.org/stable/i356997
=952  \\$00$10$2ddc$3Early Music, Vol.5 No.2 1977$40$6PER_EM1$70$925321$aORPH$bORPH$cKM12_1$d2020-07-08$l0$oPER EM1$p20129484v5n2$r2021-01-12 00:00:00$w2021-01-12$yPER$zhttps://www.jstor.org/stable/i356998
=952  \\$00$10$2ddc$3Early Music, Vol.5 No.3 1977$40$6PER_EM1$70$925322$aORPH$bORPH$cKM12_1$d2020-07-08$l0$oPER EM1$p20129484v5n3$r2021-01-12 00:00:00$w2021-01-12$yPER$zhttps://www.jstor.org/stable/i356999
=952  \\$00$10$2ddc$3Early Music, Vol.5 No.4 1977$40$6PER_EM1$70$925323$aORPH$bORPH$cKM12_1$d2020-07-08$l0$oPER EM1$p20129484v5n4$r2021-01-12 00:00:00$w2021-01-12$yPER$zhttps://www.jstor.org/stable/i357000
=952  \\$00$10$2ddc$3Early Music, Vol.6 No.1 1978$40$6PER_EM1$70$925324$aORPH$bORPH$cKM12_1$d2020-07-08$l0$oPER EM1$p20129484v6n1$r2021-01-12 00:00:00$w2021-01-12$yPER$zhttps://www.jstor.org/stable/i357001
=952  \\$00$10$2ddc$3Early Music, Vol.6 No.2 1978$40$6PER_EM1$70$925325$aORPH$bORPH$cKM12_1$d2020-07-08$l0$oPER EM1$p20129484v6n2$r2021-01-12 00:00:00$w2021-01-12$yPER$zhttps://www.jstor.org/stable/i357002
=952  \\$00$10$2ddc$3Early Music, Vol.6 No.3 1978$40$6PER_EM1$70$925326$aORPH$bORPH$cKM12_1$d2020-07-08$l0$oPER EM1$p20129484v6n3$r2021-01-12 00:00:00$w2021-01-12$yPER$zhttps://www.jstor.org/stable/i357003
=952  \\$00$10$2ddc$3Early Music, Vol.6 No.4 1978$40$6PER_EM1$70$925327$aORPH$bORPH$cKM12_1$d2020-07-08$l0$oPER EM1$p20129484v6n4$r2021-01-12 00:00:00$w2021-01-12$yPER$zhttps://www.jstor.org/stable/i357004
=952  \\$00$10$2ddc$3Early Music, Vol.7 No.1 1979$40$6PER_EM1$70$925328$aORPH$bORPH$cKM12_1$d2020-07-08$l0$oPER EM1$p20129484v7n1$r2021-01-12 00:00:00$w2021-01-12$yPER$zhttps://www.jstor.org/stable/i357005
=952  \\$00$10$2ddc$3Early Music, Vol.7 No.2 1979$40$6PER_EM1$70$925329$aORPH$bORPH$cKM12_1$d2020-07-08$l0$oPER EM1$p20129484v7n2$r2021-01-12 00:00:00$w2021-01-12$yPER$zhttps://www.jstor.org/stable/i357006
=952  \\$00$10$2ddc$3Early Music, Vol.7 No.3 1979$40$6PER_EM1$70$925330$aORPH$bORPH$cKM12_1$d2020-07-08$l0$oPER EM1$p20129484v7n3$r2021-01-12 00:00:00$w2021-01-12$yPER$zhttps://www.jstor.org/stable/i357007
=952  \\$00$10$2ddc$3Early Music, Vol.7 No.4 1979$40$6PER_EM1$70$925331$aORPH$bORPH$cKM12_1$d2020-07-08$l0$oPER EM1$p20129484v7n4$r2021-01-12 00:00:00$w2021-01-12$yPER$zhttps://www.jstor.org/stable/i357008
=952  \\$00$10$2ddc$3Early Music, Vol.8 No.1 1980$40$6PER_EM1$70$925332$aORPH$bORPH$cKM12_1$d2020-07-08$l0$oPER EM1$p20129484v8n1$r2021-01-12 00:00:00$w2021-01-12$yPER$zhttps://www.jstor.org/stable/i357009
=952  \\$00$10$2ddc$3Early Music, Vol.8 No.2 1980$40$6PER_EM1$70$925333$aORPH$bORPH$cKM12_1$d2020-07-08$l0$oPER EM1$p20129484v8n2$r2021-01-12 00:00:00$w2021-01-12$yPER$zhttps://www.jstor.org/stable/i357010
=952  \\$00$10$2ddc$3Early Music, Vol.8 No.3 1980$40$6PER_EM1$70$925334$aORPH$bORPH$cKM12_1$d2020-07-08$l0$oPER EM1$p20129484v8n3$r2021-01-12 00:00:00$w2021-01-12$yPER$zhttps://www.jstor.org/stable/i357011
=952  \\$00$10$2ddc$3Early Music, Vol.8 No.4 1980$40$6PER_EM1$70$925335$aORPH$bORPH$cKM12_1$d2020-07-08$l0$oPER EM1$p20129484v8n4$r2021-01-12 00:00:00$w2021-01-12$yPER$zhttps://www.jstor.org/stable/i357012
=952  \\$00$10$2ddc$3Early Music, Vol.9 No.1 1981$40$6PER_EM1$70$925336$aORPH$bORPH$cKM12_1$d2020-07-08$l0$oPER EM1$p20129484v9n1$r2021-01-12 00:00:00$w2021-01-12$yPER$zhttps://www.jstor.org/stable/i357013
=952  \\$00$10$2ddc$3Early Music, Vol.9 No.2 1981$40$6PER_EM1$70$925337$aORPH$bORPH$cKM12_1$d2020-07-08$l0$oPER EM1$p20129484v9n2$r2021-01-12 00:00:00$w2021-01-12$yPER$zhttps://www.jstor.org/stable/i357014
=952  \\$00$10$2ddc$3Early Music, Vol.9 No.3 1981$40$6PER_EM1$70$925338$aORPH$bORPH$cKM12_1$d2020-07-08$l0$oPER EM1$p20129484v9n3$r2021-01-12 00:00:00$w2021-01-12$yPER$zhttps://www.jstor.org/stable/i357015
=952  \\$00$10$2ddc$3Early Music, Vol.9 No.4 1981$40$6PER_EM1$70$925339$aORPH$bORPH$cKM12_1$d2020-07-08$l0$oPER EM1$p20129484v9n4$r2021-01-12 00:00:00$w2021-01-12$yPER$zhttps://www.jstor.org/stable/i357016
=952  \\$00$10$2ddc$3Early Music, Vol.10 No.1 1982$40$6PER_EM1$70$925340$aORPH$bORPH$cKM12_1$d2020-07-08$l0$oPER EM1$p20129484v10n1$r2021-01-12 00:00:00$w2021-01-12$yPER$zhttps://www.jstor.org/stable/i357017
=952  \\$00$10$2ddc$3Early Music, Vol.10 No.2 1982$40$6PER_EM1$70$925341$aORPH$bORPH$cKM12_1$d2020-07-08$l0$oPER EM1$p20129484v10n2$r2021-01-12 00:00:00$w2021-01-12$yPER$zhttps://www.jstor.org/stable/i357018
=952  \\$00$10$2ddc$3Early Music, Vol.10 No.3 1982$40$6PER_EM1$70$925342$aORPH$bORPH$cKM12_1$d2020-07-08$l0$oPER EM1$p20129484v10n3$r2021-01-12 00:00:00$w2021-01-12$yPER$zhttps://www.jstor.org/stable/i357019
=952  \\$00$10$2ddc$3Early Music, Vol.10 No.4 1982$40$6PER_EM1$70$925343$aORPH$bORPH$cKM12_1$d2020-07-08$l0$oPER EM1$p20129484v10n4$r2021-01-12 00:00:00$w2021-01-12$yPER$zhttps://www.jstor.org/stable/i357020
=952  \\$00$10$2ddc$3Early Music, Vol.11 No.1 1983$40$6PER_EM1$70$925344$aORPH$bORPH$cKM12_1$d2020-07-08$l0$oPER EM1$p20129484v11n1$r2021-01-12 00:00:00$w2021-01-12$yPER$zhttps://www.jstor.org/stable/i357021
=952  \\$00$10$2ddc$3Early Music, Vol.11 No.2 1983$40$6PER_EM1$70$925345$aORPH$bORPH$cKM12_1$d2020-07-08$l0$oPER EM1$p20129484v11n2$r2021-01-12 00:00:00$w2021-01-12$yPER$zhttps://www.jstor.org/stable/i357022
=952  \\$00$10$2ddc$3Early Music, Vol.11 No.3 1983$40$6PER_EM1$70$925346$aORPH$bORPH$cKM12_1$d2020-07-08$l0$oPER EM1$p20129484v11n3$r2021-01-12 00:00:00$w2021-01-12$yPER$zhttps://www.jstor.org/stable/i357023
=952  \\$00$10$2ddc$3Early Music, Vol.11 No.4 1983$40$6PER_EM1$70$925347$aORPH$bORPH$cKM12_1$d2020-07-08$l0$oPER EM1$p20129484v11n4$r2021-01-12 00:00:00$w2021-01-12$yPER$zhttps://www.jstor.org/stable/i357024
=952  \\$00$10$2ddc$3Early Music, Vol.12 No.1 1984$40$6PER_EM1$70$925348$aORPH$bORPH$cKM12_1$d2020-07-08$l0$oPER EM1$p20129484v12n1$r2021-01-12 00:00:00$w2021-01-12$yPER$zhttps://www.jstor.org/stable/i357025
=952  \\$00$10$2ddc$3Early Music, Vol.12 No.2 1984$40$6PER_EM1$70$925349$aORPH$bORPH$cKM12_1$d2020-07-08$l0$oPER EM1$p20129484v12n2$r2021-01-12 00:00:00$w2021-01-12$yPER$zhttps://www.jstor.org/stable/i357026
=952  \\$00$10$2ddc$3Early Music, Vol.12 No.3 1984$40$6PER_EM1$70$925350$aORPH$bORPH$cKM12_1$d2020-07-08$l0$oPER EM1$p20129484v12n3$r2021-01-12 00:00:00$w2021-01-12$yPER$zhttps://www.jstor.org/stable/i357027
=952  \\$00$10$2ddc$3Early Music, Vol.12 No.4 1984$40$6PER_EM1$70$925351$aORPH$bORPH$cKM12_1$d2020-07-08$l0$oPER EM1$p20129484v12n4$r2021-01-12 00:00:00$w2021-01-12$yPER$zhttps://www.jstor.org/stable/i357028
=952  \\$00$10$2ddc$3Early Music, Vol.13 No.1 1985$40$6PER_EM1$70$925352$aORPH$bORPH$cKM12_1$d2020-07-08$l0$oPER EM1$p20129484v13n1$r2021-01-12 00:00:00$w2021-01-12$yPER$zhttps://www.jstor.org/stable/i357029
=952  \\$00$10$2ddc$3Early Music, Vol.13 No.2 1985$40$6PER_EM1$70$925353$aORPH$bORPH$cKM12_1$d2020-07-08$l0$oPER EM1$p20129484v13n2$r2021-01-12 00:00:00$w2021-01-12$yPER$zhttps://www.jstor.org/stable/i357030
=952  \\$00$10$2ddc$3Early Music, Vol.13 No.3 1985$40$6PER_EM1$70$925354$aORPH$bORPH$cKM12_1$d2020-07-08$l0$oPER EM1$p20129484v13n3$r2021-01-12 00:00:00$w2021-01-12$yPER$zhttps://www.jstor.org/stable/i357031
=952  \\$00$10$2ddc$3Early Music, Vol.13 No.4 1985$40$6PER_EM1$70$925355$aORPH$bORPH$cKM12_1$d2020-07-08$l0$oPER EM1$p20129484v13n4$r2021-01-12 00:00:00$w2021-01-12$yPER$zhttps://www.jstor.org/stable/i357032
=952  \\$00$10$2ddc$3Early Music, Vol.14 No.1 1986$40$6PER_EM1$70$925356$aORPH$bORPH$cKM12_1$d2020-07-08$l0$oPER EM1$p20129484v14n1$r2021-01-12 00:00:00$w2021-01-12$yPER$zhttps://www.jstor.org/stable/i357033
=952  \\$00$10$2ddc$3Early Music, Vol.14 No.2 1986$40$6PER_EM1$70$925357$aORPH$bORPH$cKM12_1$d2020-07-08$l0$oPER EM1$p20129484v14n2$r2021-01-12 00:00:00$w2021-01-12$yPER$zhttps://www.jstor.org/stable/i357034
=952  \\$00$10$2ddc$3Early Music, Vol.14 No.3 1986$40$6PER_EM1$70$925358$aORPH$bORPH$cKM12_1$d2020-07-08$l0$oPER EM1$p20129484v14n3$r2021-01-12 00:00:00$w2021-01-12$yPER$zhttps://www.jstor.org/stable/i357035
=952  \\$00$10$2ddc$3Early Music, Vol.14 No.4 1986$40$6PER_EM1$70$925359$aORPH$bORPH$cKM12_1$d2020-07-08$l0$oPER EM1$p20129484v14n4$r2021-01-12 00:00:00$w2021-01-12$yPER$zhttps://www.jstor.org/stable/i357036
=952  \\$00$10$2ddc$3Early Music, Vol.15 No.1 1987$40$6PER_EM1$70$925360$aORPH$bORPH$cKM12_1$d2020-07-08$l0$oPER EM1$p20129484v15n1$r2021-01-12 00:00:00$w2021-01-12$yPER$zhttps://www.jstor.org/stable/i357037
=952  \\$00$10$2ddc$3Early Music, Vol.15 No.2 1987$40$6PER_EM1$70$925361$aORPH$bORPH$cKM12_1$d2020-07-08$l0$oPER EM1$p20129484v15n2$r2021-01-12 00:00:00$w2021-01-12$yPER$zhttps://www.jstor.org/stable/i357038
=952  \\$00$10$2ddc$3Early Music, Vol.15 No.3 1987$40$6PER_EM1$70$925362$aORPH$bORPH$cKM12_1$d2020-07-08$l0$oPER EM1$p20129484v15n3$r2021-01-12 00:00:00$w2021-01-12$yPER$zhttps://www.jstor.org/stable/i357039
=952  \\$00$10$2ddc$3Early Music, Vol.15 No.4 1987$40$6PER_EM1$70$925363$aORPH$bORPH$cKM12_1$d2020-07-08$l0$oPER EM1$p20129484v15n4$r2021-01-12 00:00:00$w2021-01-12$yPER$zhttps://www.jstor.org/stable/i357040
=952  \\$00$10$2ddc$3Early Music, Vol.16 No.1 1988$40$6PER_EM1$70$925364$aORPH$bORPH$cKM12_1$d2020-07-08$l0$oPER EM1$p20129484v16n1$r2021-01-12 00:00:00$w2021-01-12$yPER$zhttps://www.jstor.org/stable/i357041
=952  \\$00$10$2ddc$3Early Music, Vol.16 No.2 1988$40$6PER_EM1$70$925365$aORPH$bORPH$cKM12_1$d2020-07-08$l0$oPER EM1$p20129484v16n2$r2021-01-12 00:00:00$w2021-01-12$yPER$zhttps://www.jstor.org/stable/i357042
=952  \\$00$10$2ddc$3Early Music, Vol.16 No.3 1988$40$6PER_EM1$70$925366$aORPH$bORPH$cKM12_1$d2020-07-08$l0$oPER EM1$p20129484v16n3$r2021-01-12 00:00:00$w2021-01-12$yPER$zhttps://www.jstor.org/stable/i357043
=952  \\$00$10$2ddc$3Early Music, Vol.16 No.4 1988$40$6PER_EM1$70$925367$aORPH$bORPH$cKM12_1$d2020-07-08$l0$oPER EM1$p20129484v16n4$r2021-01-12 00:00:00$w2021-01-12$yPER$zhttps://www.jstor.org/stable/i357044
=952  \\$00$10$2ddc$3Early Music, Vol.17 No.1 1989$40$6PER_EM1$70$925368$aORPH$bORPH$cKM12_1$d2020-07-08$l0$oPER EM1$p20129484v17n1$r2021-01-12 00:00:00$w2021-01-12$yPER$zhttps://www.jstor.org/stable/i357045
=952  \\$00$10$2ddc$3Early Music, Vol.17 No.2 1989$40$6PER_EM1$70$925369$aORPH$bORPH$cKM12_1$d2020-07-08$l0$oPER EM1$p20129484v17n2$r2021-01-12 00:00:00$w2021-01-12$yPER$zhttps://www.jstor.org/stable/i357046
=952  \\$00$10$2ddc$3Early Music, Vol.17 No.3 1989$40$6PER_EM1$70$925370$aORPH$bORPH$cKM12_1$d2020-07-08$l0$oPER EM1$p20129484v17n3$r2021-01-12 00:00:00$w2021-01-12$yPER$zhttps://www.jstor.org/stable/i357047
=952  \\$00$10$2ddc$3Early Music, Vol.17 No.4 1989$40$6PER_EM1$70$925371$aORPH$bORPH$cKM12_1$d2020-07-08$l0$oPER EM1$p20129484v17n4$r2021-01-12 00:00:00$w2021-01-12$yPER$zhttps://www.jstor.org/stable/i357048
=952  \\$00$10$2ddc$3Early Music, Vol.18 No.1 1990$40$6PER_EM1$70$925372$aORPH$bORPH$cKM12_1$d2020-07-08$l0$oPER EM1$p20129484v18n1$r2021-01-12 00:00:00$w2021-01-12$yPER$zhttps://www.jstor.org/stable/i357049
=952  \\$00$10$2ddc$3Early Music, Vol.18 No.2 1990$40$6PER_EM1$70$925373$aORPH$bORPH$cKM12_1$d2020-07-08$l0$oPER EM1$p20129484v18n2$r2021-01-12 00:00:00$w2021-01-12$yPER$zhttps://www.jstor.org/stable/i357050
=952  \\$00$10$2ddc$3Early Music, Vol.18 No.3 1990$40$6PER_EM1$70$925374$aORPH$bORPH$cKM12_1$d2020-07-08$l0$oPER EM1$p20129484v18n3$r2021-01-12 00:00:00$w2021-01-12$yPER$zhttps://www.jstor.org/stable/i357051
=952  \\$00$10$2ddc$3Early Music, Vol.18 No.4 1990$40$6PER_EM1$70$925375$aORPH$bORPH$cKM12_1$d2020-07-08$l0$oPER EM1$p20129484v18n4$r2021-01-12 00:00:00$w2021-01-12$yPER$zhttps://www.jstor.org/stable/i357052
=952  \\$00$10$2ddc$3Early Music, Vol.19 No.1 1991$40$6PER_EM1$70$925376$aORPH$bORPH$cKM12_1$d2020-07-08$l0$oPER EM1$p20129484v19n1$r2021-01-12 00:00:00$w2021-01-12$yPER$zhttps://www.jstor.org/stable/i357053
=952  \\$00$10$2ddc$3Early Music, Vol.19 No.2 1991$40$6PER_EM1$70$925377$aORPH$bORPH$cKM12_1$d2020-07-08$l0$oPER EM1$p20129484v19n2$r2021-01-12 00:00:00$w2021-01-12$yPER$zhttps://www.jstor.org/stable/i357054
=952  \\$00$10$2ddc$3Early Music, Vol.19 No.3 1991$40$6PER_EM1$70$925378$aORPH$bORPH$cKM12_1$d2020-07-08$l0$oPER EM1$p20129484v19n3$r2021-01-12 00:00:00$w2021-01-12$yPER$zhttps://www.jstor.org/stable/i357055
=952  \\$00$10$2ddc$3Early Music, Vol.19 No.4 1991$40$6PER_EM1$70$925379$aORPH$bORPH$cKM12_1$d2020-07-08$l0$oPER EM1$p20129484v19n4$r2021-01-12 00:00:00$w2021-01-12$yPER$zhttps://www.jstor.org/stable/i357056
=952  \\$00$10$2ddc$3Early Music, Vol.20 No.1 1992$40$6PER_EM1$70$925380$aORPH$bORPH$cKM12_1$d2020-07-08$l0$oPER EM1$p20129484v20n1$r2021-01-12 00:00:00$w2021-01-12$yPER$zhttps://www.jstor.org/stable/i357057
=952  \\$00$10$2ddc$3Early Music, Vol.20 No.2 1992$40$6PER_EM1$70$925381$aORPH$bORPH$cKM12_1$d2020-07-08$l0$oPER EM1$p20129484v20n2$r2021-01-12 00:00:00$w2021-01-12$yPER$zhttps://www.jstor.org/stable/i357058
=952  \\$00$10$2ddc$3Early Music, Vol.20 No.3 1992$40$6PER_EM1$70$925382$aORPH$bORPH$cKM12_1$d2020-07-08$l0$oPER EM1$p20129484v20n3$r2021-01-12 00:00:00$w2021-01-12$yPER$zhttps://www.jstor.org/stable/i357059
=952  \\$00$10$2ddc$3Early Music, Vol.20 No.4 1992$40$6PER_EM1$70$925383$aORPH$bORPH$cKM12_1$d2020-07-08$l0$oPER EM1$p20129484v20n4$r2021-01-12 00:00:00$w2021-01-12$yPER$zhttps://www.jstor.org/stable/i357060
=952  \\$00$10$2ddc$3Early Music, Vol.21 No.1 1993$40$6PER_EM1$70$925384$aORPH$bORPH$cKM12_1$d2020-07-08$l0$oPER EM1$p20129484v21n1$r2021-01-12 00:00:00$w2021-01-12$yPER$zhttps://www.jstor.org/stable/i357061
=952  \\$00$10$2ddc$3Early Music, Vol.21 No.2 1993$40$6PER_EM1$70$925385$aORPH$bORPH$cKM12_1$d2020-07-08$l0$oPER EM1$p20129484v21n2$r2021-01-12 00:00:00$w2021-01-12$yPER$zhttps://www.jstor.org/stable/i357062
=952  \\$00$10$2ddc$3Early Music, Vol.21 No.3 1993$40$6PER_EM1$70$925386$aORPH$bORPH$cKM12_1$d2020-07-08$l0$oPER EM1$p20129484v21n3$r2021-01-12 00:00:00$w2021-01-12$yPER$zhttps://www.jstor.org/stable/i357063
=952  \\$00$10$2ddc$3Early Music, Vol.21 No.4 1993$40$6PER_EM1$70$925387$aORPH$bORPH$cKM12_1$d2020-07-08$l0$oPER EM1$p20129484v21n4$r2021-01-12 00:00:00$w2021-01-12$yPER$zhttps://www.jstor.org/stable/i357064
=952  \\$00$10$2ddc$3Early Music, Vol.22 No.1 1994$40$6PER_EM1$70$925388$aORPH$bORPH$cKM12_1$d2020-07-08$l0$oPER EM1$p20129484v22n1$r2021-01-12 00:00:00$w2021-01-12$yPER$zhttps://www.jstor.org/stable/i357065
=952  \\$00$10$2ddc$3Early Music, Vol.22 No.2 1994$40$6PER_EM1$70$925389$aORPH$bORPH$cKM12_1$d2020-07-08$l0$oPER EM1$p20129484v22n2$r2021-01-12 00:00:00$w2021-01-12$yPER$zhttps://www.jstor.org/stable/i357066
=952  \\$00$10$2ddc$3Early Music, Vol.22 No.3 1994$40$6PER_EM1$70$925390$aORPH$bORPH$cKM12_1$d2020-07-08$l0$oPER EM1$p20129484v22n3$r2021-01-12 00:00:00$w2021-01-12$yPER$zhttps://www.jstor.org/stable/i357067
=952  \\$00$10$2ddc$3Early Music, Vol.22 No.4 1994$40$6PER_EM1$70$925391$aORPH$bORPH$cKM12_1$d2020-07-08$l0$oPER EM1$p20129484v22n4$r2021-01-12 00:00:00$w2021-01-12$yPER$zhttps://www.jstor.org/stable/i357068
=952  \\$00$10$2ddc$3Early Music, Vol.23 No.1 1995$40$6PER_EM1$70$925392$aORPH$bORPH$cKM12_1$d2020-07-08$l0$oPER EM1$p20129484v23n1$r2021-01-12 00:00:00$w2021-01-12$yPER$zhttps://www.jstor.org/stable/i357069
=952  \\$00$10$2ddc$3Early Music, Vol.23 No.2 1995$40$6PER_EM1$70$925393$aORPH$bORPH$cKM12_1$d2020-07-08$l0$oPER EM1$p20129484v23n2$r2021-01-12 00:00:00$w2021-01-12$yPER$zhttps://www.jstor.org/stable/i357070
=952  \\$00$10$2ddc$3Early Music, Vol.23 No.3 1995$40$6PER_EM1$70$925394$aORPH$bORPH$cKM12_1$d2020-07-08$l0$oPER EM1$p20129484v23n3$r2021-01-12 00:00:00$w2021-01-12$yPER$zhttps://www.jstor.org/stable/i357071
=952  \\$00$10$2ddc$3Early Music, Vol.23 No.4 1995$40$6PER_EM1$70$925395$aORPH$bORPH$cKM12_1$d2020-07-08$l0$oPER EM1$p20129484v23n4$r2021-01-12 00:00:00$w2021-01-12$yPER$zhttps://www.jstor.org/stable/i357072
=952  \\$00$10$2ddc$3Early Music, Vol.24 No.1 1996$40$6PER_EM1$70$925396$aORPH$bORPH$cKM12_1$d2020-07-08$l0$oPER EM1$p20129484v24n1$r2021-01-12 00:00:00$w2021-01-12$yPER$zhttps://www.jstor.org/stable/i357073
=952  \\$00$10$2ddc$3Early Music, Vol.24 No.2 1996$40$6PER_EM1$70$925397$aORPH$bORPH$cKM12_1$d2020-07-08$l0$oPER EM1$p20129484v24n2$r2021-01-12 00:00:00$w2021-01-12$yPER$zhttps://www.jstor.org/stable/i357074
=952  \\$00$10$2ddc$3Early Music, Vol.24 No.3 1996$40$6PER_EM1$70$925398$aORPH$bORPH$cKM12_1$d2020-07-08$l0$oPER EM1$p20129484v24n3$r2021-01-12 00:00:00$w2021-01-12$yPER$zhttps://www.jstor.org/stable/i357075
=952  \\$00$10$2ddc$3Early Music, Vol.24 No.4 1996$40$6PER_EM1$70$925399$aORPH$bORPH$cKM12_1$d2020-07-08$l0$oPER EM1$p20129484v24n4$r2021-01-12 00:00:00$w2021-01-12$yPER$zhttps://www.jstor.org/stable/i357076
=952  \\$00$10$2ddc$3Early Music, Vol.25 No.1 1997$40$6PER_EM1$70$925400$aORPH$bORPH$cKM12_1$d2020-07-08$l0$oPER EM1$p20129484v25n1$r2021-01-12 00:00:00$w2021-01-12$yPER$zhttps://www.jstor.org/stable/i357077
=952  \\$00$10$2ddc$3Early Music, Vol.25 No.2 1997$40$6PER_EM1$70$925401$aORPH$bORPH$cKM12_1$d2020-07-08$l0$oPER EM1$p20129484v25n2$r2021-01-12 00:00:00$w2021-01-12$yPER$zhttps://www.jstor.org/stable/i357078
=952  \\$00$10$2ddc$3Early Music, Vol.25 No.3 1997$40$6PER_EM1$70$925402$aORPH$bORPH$cKM12_1$d2020-07-08$l0$oPER EM1$p20129484v25n3$r2021-01-12 00:00:00$w2021-01-12$yPER$zhttps://www.jstor.org/stable/i357079
=952  \\$00$10$2ddc$3Early Music, Vol.25 No.4 1997$40$6PER_EM1$70$925403$aORPH$bORPH$cKM12_1$d2020-07-08$l0$oPER EM1$p20129484v25n4$r2021-01-12 00:00:00$w2021-01-12$yPER$zhttps://www.jstor.org/stable/i357080
=952  \\$00$10$2ddc$3Early Music, Vol.26 No.1 1998$40$6PER_EM1$70$925404$aORPH$bORPH$cKM12_1$d2020-07-08$l0$oPER EM1$p20129484v26n1$r2021-01-12 00:00:00$w2021-01-12$yPER$zhttps://www.jstor.org/stable/i357081
=952  \\$00$10$2ddc$3Early Music, Vol.26 No.2 1998$40$6PER_EM1$70$925405$aORPH$bORPH$cKM12_1$d2020-07-08$l0$oPER EM1$p20129484v26n2$r2021-01-12 00:00:00$w2021-01-12$yPER$zhttps://www.jstor.org/stable/i357082
=952  \\$00$10$2ddc$3Early Music, Vol.26 No.3 1998$40$6PER_EM1$70$925406$aORPH$bORPH$cKM12_1$d2020-07-08$l0$oPER EM1$p20129484v26n3$r2021-01-12 00:00:00$w2021-01-12$yPER$zhttps://www.jstor.org/stable/i357083
=952  \\$00$10$2ddc$3Early Music, Vol.26 No.4 1998$40$6PER_EM1$70$925407$aORPH$bORPH$cKM12_1$d2020-07-08$l0$oPER EM1$p20129484v26n4$r2021-01-12 00:00:00$w2021-01-12$yPER$zhttps://www.jstor.org/stable/i357084
=952  \\$00$10$2ddc$3Early Music, Vol.27 No.1 1999$40$6PER_EM1$70$925408$aORPH$bORPH$cKM12_1$d2020-07-08$l0$oPER EM1$p20129484v27n1$r2021-01-12 00:00:00$w2021-01-12$yPER$zhttps://www.jstor.org/stable/i357085
=952  \\$00$10$2ddc$3Early Music, Vol.27 No.2 1999$40$6PER_EM1$70$925409$aORPH$bORPH$cKM12_1$d2020-07-08$l0$oPER EM1$p20129484v27n2$r2021-01-12 00:00:00$w2021-01-12$yPER$zhttps://www.jstor.org/stable/i357086
=952  \\$00$10$2ddc$3Early Music, Vol.27 No.3 1999$40$6PER_EM1$70$925410$aORPH$bORPH$cKM12_1$d2020-07-08$l0$oPER EM1$p20129484v27n3$r2021-01-12 00:00:00$w2021-01-12$yPER$zhttps://www.jstor.org/stable/i357087
=952  \\$00$10$2ddc$3Early Music, Vol.27 No.4 1999$40$6PER_EM1$70$925411$aORPH$bORPH$cKM12_1$d2020-07-08$l0$oPER EM1$p20129484v27n4$r2021-01-12 00:00:00$w2021-01-12$yPER$zhttps://www.jstor.org/stable/i357088
=952  \\$00$10$2ddc$3Early Music, Vol.28 No.1 2000$40$6PER_EM1$70$925412$aORPH$bORPH$cKM12_1$d2020-07-08$l0$oPER EM1$p20129484v28n1$r2021-01-12 00:00:00$w2021-01-12$yPER$zhttps://www.jstor.org/stable/i357089
=952  \\$00$10$2ddc$3Early Music, Vol.28 No.2 2000$40$6PER_EM1$70$925413$aORPH$bORPH$cKM12_1$d2020-07-08$l0$oPER EM1$p20129484v28n2$r2021-01-12 00:00:00$w2021-01-12$yPER$zhttps://www.jstor.org/stable/i357090
=952  \\$00$10$2ddc$3Early Music, Vol.28 No.3 2000$40$6PER_EM1$70$925414$aORPH$bORPH$cKM12_1$d2020-07-08$l0$oPER EM1$p20129484v28n3$r2021-01-12 00:00:00$w2021-01-12$yPER$zhttps://www.jstor.org/stable/i357091
=952  \\$00$10$2ddc$3Early Music, Vol.28 No.4 2000$40$6PER_EM1$70$925415$aORPH$bORPH$cKM12_1$d2020-07-08$l0$oPER EM1$p20129484v28n4$r2021-01-12 00:00:00$w2021-01-12$yPER$zhttps://www.jstor.org/stable/i357092
=952  \\$00$10$2ddc$3Early Music, Vol.29 No.1 2001$40$6PER_EM1$70$925416$aORPH$bORPH$cKM12_1$d2020-07-08$l0$oPER EM1$p20129484v29n1$r2021-01-12 00:00:00$w2021-01-12$yPER$zhttps://www.jstor.org/stable/i357093
=952  \\$00$10$2ddc$3Early Music, Vol.29 No.2 2001$40$6PER_EM1$70$925417$aORPH$bORPH$cKM12_1$d2020-07-08$l0$oPER EM1$p20129484v29n2$r2021-01-12 00:00:00$w2021-01-12$yPER$zhttps://www.jstor.org/stable/i357094
=952  \\$00$10$2ddc$3Early Music, Vol.29 No.3 2001$40$6PER_EM1$70$925418$aORPH$bORPH$cKM12_1$d2020-07-08$l0$oPER EM1$p20129484v29n3$r2021-01-12 00:00:00$w2021-01-12$yPER$zhttps://www.jstor.org/stable/i357095
=952  \\$00$10$2ddc$3Early Music, Vol.29 No.4 2001$40$6PER_EM1$70$925419$aORPH$bORPH$cKM12_1$d2020-07-08$l0$oPER EM1$p20129484v29n4$r2021-01-12 00:00:00$w2021-01-12$yPER$zhttps://www.jstor.org/stable/i357096
=952  \\$00$10$2ddc$3Early Music, Vol.30 No.1 2002$40$6PER_EM1$70$925420$aORPH$bORPH$cKM12_1$d2020-07-08$l0$oPER EM1$p20129484v30n1$r2021-01-12 00:00:00$w2021-01-12$yPER$zhttps://www.jstor.org/stable/i357097
=952  \\$00$10$2ddc$3Early Music, Vol.30 No.2 2002$40$6PER_EM1$70$925421$aORPH$bORPH$cKM12_1$d2020-07-08$l0$oPER EM1$p20129484v30n2$r2021-01-12 00:00:00$w2021-01-12$yPER$zhttps://www.jstor.org/stable/i357098
=952  \\$00$10$2ddc$3Early Music, Vol.30 No.3 2002$40$6PER_EM1$70$925422$aORPH$bORPH$cKM12_1$d2020-07-08$l0$oPER EM1$p20129484v30n3$r2021-01-12 00:00:00$w2021-01-12$yPER$zhttps://www.jstor.org/stable/i357099
=952  \\$00$10$2ddc$3Early Music, Vol.30 No.4 2002$40$6PER_EM1$70$925423$aORPH$bORPH$cKM12_1$d2020-07-08$l0$oPER EM1$p20129484v30n4$r2021-01-12 00:00:00$w2021-01-12$yPER$zhttps://www.jstor.org/stable/i357100
=952  \\$00$10$2ddc$3Early Music, Vol.31 No.1 2003$40$6PER_EM1$70$925424$aORPH$bORPH$cKM12_1$d2020-07-08$l0$oPER EM1$p20129484v31n1$r2021-01-12 00:00:00$w2021-01-12$yPER$zhttps://www.jstor.org/stable/i357101
=952  \\$00$10$2ddc$3Early Music, Vol.31 No.2 2003$40$6PER_EM1$70$925425$aORPH$bORPH$cKM12_1$d2020-07-08$l0$oPER EM1$p20129484v31n2$r2021-01-12 00:00:00$w2021-01-12$yPER$zhttps://www.jstor.org/stable/i357102
=952  \\$00$10$2ddc$3Early Music, Vol.31 No.3 2003$40$6PER_EM1$70$925426$aORPH$bORPH$cKM12_1$d2020-07-08$l0$oPER EM1$p20129484v31n3$r2021-01-12 00:00:00$w2021-01-12$yPER$zhttps://www.jstor.org/stable/i357103
=952  \\$00$10$2ddc$3Early Music, Vol.31 No.4 2003$40$6PER_EM1$70$925427$aORPH$bORPH$cKM12_1$d2020-07-08$l0$oPER EM1$p20129484v31n4$r2021-01-12 00:00:00$w2021-01-12$yPER$zhttps://www.jstor.org/stable/i357104
=952  \\$00$10$2ddc$3Early Music, Vol.32 No.1 2004$40$6PER_EM1$70$925428$aORPH$bORPH$cKM12_1$d2020-07-08$l0$oPER EM1$p20129484v32n1$r2021-01-12 00:00:00$w2021-01-12$yPER$zhttps://www.jstor.org/stable/i357105
=952  \\$00$10$2ddc$3Early Music, Vol.32 No.2 2004$40$6PER_EM1$70$925429$aORPH$bORPH$cKM12_1$d2020-07-08$l0$oPER EM1$p20129484v32n2$r2021-01-12 00:00:00$w2021-01-12$yPER$zhttps://www.jstor.org/stable/i357106
=952  \\$00$10$2ddc$3Early Music, Vol.32 No.3 2004$40$6PER_EM1$70$925430$aORPH$bORPH$cKM12_1$d2020-07-08$l0$oPER EM1$p20129484v32n3$r2021-01-12 00:00:00$w2021-01-12$yPER$zhttps://www.jstor.org/stable/i357107
=952  \\$00$10$2ddc$3Early Music, Vol.32 No.4 2004$40$6PER_EM1$70$925431$aORPH$bORPH$cKM12_1$d2020-07-08$l0$oPER EM1$p20129484v32n4$r2021-01-12 00:00:00$w2021-01-12$yPER$zhttps://www.jstor.org/stable/i357108
=952  \\$00$10$2ddc$3Early Music, Vol.33 No.1 2005$40$6PER_EM1$70$925432$aORPH$bORPH$cKM12_1$d2020-07-08$l0$oPER EM1$p20129484v33n1$r2021-01-12 00:00:00$w2021-01-12$yPER$zhttps://www.jstor.org/stable/i357109
=952  \\$00$10$2ddc$3Early Music, Vol.33 No.2 2005$40$6PER_EM1$70$925433$aORPH$bORPH$cKM12_1$d2020-07-08$l0$oPER EM1$p20129484v33n2$r2021-01-12 00:00:00$w2021-01-12$yPER$zhttps://www.jstor.org/stable/i357110
=952  \\$00$10$2ddc$3Early Music, Vol.33 No.3 2005$40$6PER_EM1$70$925434$aORPH$bORPH$cKM12_1$d2020-07-08$l0$oPER EM1$p20129484v33n3$r2021-01-12 00:00:00$w2021-01-12$yPER$zhttps://www.jstor.org/stable/i357111
=952  \\$00$10$2ddc$3Early Music, Vol.33 No.4 2005$40$6PER_EM1$70$925435$aORPH$bORPH$cKM12_1$d2020-07-08$l0$oPER EM1$p20129484v33n4$r2021-01-12 00:00:00$w2021-01-12$yPER$zhttps://www.jstor.org/stable/i357112
=952  \\$00$10$2ddc$3Early Music, Vol.34 No.1 2006$40$6PER_EM1$70$925436$aORPH$bORPH$cKM12_1$d2020-07-08$l0$oPER EM1$p20129484v34n1$r2021-01-12 00:00:00$w2021-01-12$yPER$zhttps://www.jstor.org/stable/i357113
=952  \\$00$10$2ddc$3Early Music, Vol.34 No.2 2006$40$6PER_EM1$70$925437$aORPH$bORPH$cKM12_1$d2020-07-08$l0$oPER EM1$p20129484v34n2$r2021-01-12 00:00:00$w2021-01-12$yPER$zhttps://www.jstor.org/stable/i357114
=952  \\$00$10$2ddc$3Early Music, Vol.34 No.3 2006$40$6PER_EM1$70$925438$aORPH$bORPH$cKM12_1$d2020-07-08$l0$oPER EM1$p20129484v34n3$r2021-01-12 00:00:00$w2021-01-12$yPER$zhttps://www.jstor.org/stable/i357115
=952  \\$00$10$2ddc$3Early Music, Vol.34 No.4 2006$40$6PER_EM1$70$925439$aORPH$bORPH$cKM12_1$d2020-07-08$l0$oPER EM1$p20129484v34n4$r2021-01-12 00:00:00$w2021-01-12$yPER$zhttps://www.jstor.org/stable/i357116
=952  \\$00$10$2ddc$3Early Music, Vol.35 No.1 2007$40$6PER_EM1$70$925440$aORPH$bORPH$cKM12_1$d2020-07-08$l0$oPER EM1$p20129484v35n1$r2021-01-12 00:00:00$w2021-01-12$yPER$zhttps://www.jstor.org/stable/i357117
=952  \\$00$10$2ddc$3Early Music, Vol.35 No.2 2007$40$6PER_EM1$70$925441$aORPH$bORPH$cKM12_1$d2020-07-08$l0$oPER EM1$p20129484v35n2$r2021-01-12 00:00:00$w2021-01-12$yPER$zhttps://www.jstor.org/stable/i357118
=952  \\$00$10$2ddc$3Early Music, Vol.35 No.3 2007$40$6PER_EM1$70$925442$aORPH$bORPH$cKM12_1$d2020-07-08$l0$oPER EM1$p20129484v35n3$r2021-01-12 00:00:00$w2021-01-12$yPER$zhttps://www.jstor.org/stable/i357119
=952  \\$00$10$2ddc$3Early Music, Vol.35 No.4 2007$40$6PER_EM1$70$925443$aORPH$bORPH$cKM12_1$d2020-07-08$l0$oPER EM1$p20129484v35n4$r2021-01-12 00:00:00$w2021-01-12$yPER$zhttps://www.jstor.org/stable/i357120
=952  \\$00$10$2ddc$3Early Music, Vol.36 No.1 2008$40$6PER_EM1$70$925444$aORPH$bORPH$cKM12_1$d2020-07-08$l0$oPER EM1$p20129484v36n1$r2021-01-12 00:00:00$w2021-01-12$yPER$zhttps://www.jstor.org/stable/i357121
=952  \\$00$10$2ddc$3Early Music, Vol.36 No.2 2008$40$6PER_EM1$70$925445$aORPH$bORPH$cKM12_1$d2020-07-08$l0$oPER EM1$p20129484v36n2$r2021-01-12 00:00:00$w2021-01-12$yPER$zhttps://www.jstor.org/stable/i357122
=952  \\$00$10$2ddc$3Early Music, Vol.36 No.3 2008$40$6PER_EM1$70$925446$aORPH$bORPH$cKM12_1$d2020-07-08$l0$oPER EM1$p20129484v36n3$r2021-01-12 00:00:00$w2021-01-12$yPER$zhttps://www.jstor.org/stable/i357123
=952  \\$00$10$2ddc$3Early Music, Vol.36 No.4 2008$40$6PER_EM1$70$925447$aORPH$bORPH$cKM12_1$d2020-07-08$l0$oPER EM1$p20129484v36n4$r2021-01-12 00:00:00$w2021-01-12$yPER$zhttps://www.jstor.org/stable/i357124
=952  \\$00$10$2ddc$3Early Music, Vol.37 No.1 2009$40$6PER_EM1$70$925448$aORPH$bORPH$cKM12_1$d2020-07-08$l0$oPER EM1$p20129484v37n1$r2021-01-12 00:00:00$w2021-01-12$yPER$zhttps://www.jstor.org/stable/i357125
=952  \\$00$10$2ddc$3Early Music, Vol.37 No.2 2009$40$6PER_EM1$70$925449$aORPH$bORPH$cKM12_1$d2020-07-08$l0$oPER EM1$p20129484v37n2$r2021-01-12 00:00:00$w2021-01-12$yPER$zhttps://www.jstor.org/stable/i357126
=952  \\$00$10$2ddc$3Early Music, Vol.37 No.3 2009$40$6PER_EM1$70$925450$aORPH$bORPH$cKM12_1$d2020-07-08$l0$oPER EM1$p20129484v37n3$r2021-01-12 00:00:00$w2021-01-12$yPER$zhttps://www.jstor.org/stable/i357127
=952  \\$00$10$2ddc$3Early Music, Vol.37 No.4 2009$40$6PER_EM1$70$925451$aORPH$bORPH$cKM12_1$d2020-07-08$l0$oPER EM1$p20129484v37n4$r2021-01-12 00:00:00$w2021-01-12$yPER$zhttps://www.jstor.org/stable/i357128
=952  \\$00$10$2ddc$3Early Music, Vol.38 No.1 2010$40$6PER_EM1$70$925452$aORPH$bORPH$cKM12_1$d2020-07-08$l0$oPER EM1$p20129484v38n1$r2021-01-12 00:00:00$w2021-01-12$yPER$zhttps://www.jstor.org/stable/i357129
=952  \\$00$10$2ddc$3Early Music, Vol.38 No.2 2010$40$6PER_EM1$70$925453$aORPH$bORPH$cKM12_1$d2020-07-08$l0$oPER EM1$p20129484v38n2$r2021-01-12 00:00:00$w2021-01-12$yPER$zhttps://www.jstor.org/stable/i357130
=952  \\$00$10$2ddc$3Early Music, Vol.38 No.3 2010$40$6PER_EM1$70$925454$aORPH$bORPH$cKM12_1$d2020-07-08$l0$oPER EM1$p20129484v38n3$r2021-01-12 00:00:00$w2021-01-12$yPER$zhttps://www.jstor.org/stable/i357131
=952  \\$00$10$2ddc$3Early Music, Vol.38 No.4 2010$40$6PER_EM1$70$925455$aORPH$bORPH$cKM12_1$d2020-07-08$l0$oPER EM1$p20129484v38n4$r2021-01-12 00:00:00$w2021-01-12$yPER$zhttps://www.jstor.org/stable/i357132
=952  \\$00$10$2ddc$3Early Music, Vol.39 No.1 2011$40$6PER_EM1$70$925456$aORPH$bORPH$cKM12_1$d2020-07-08$l0$oPER EM1$p20129484v39n1$r2021-01-12 00:00:00$w2021-01-12$yPER$zhttps://www.jstor.org/stable/i357133
=952  \\$00$10$2ddc$3Early Music, Vol.39 No.2 2011$40$6PER_EM1$70$925457$aORPH$bORPH$cKM12_1$d2020-07-08$l0$oPER EM1$p20129484v39n2$r2021-01-12 00:00:00$w2021-01-12$yPER$zhttps://www.jstor.org/stable/i357134
=952  \\$00$10$2ddc$3Early Music, Vol.39 No.3 2011$40$6PER_EM1$70$925458$aORPH$bORPH$cKM12_1$d2020-07-08$l0$oPER EM1$p20129484v39n3$r2021-01-12 00:00:00$w2021-01-12$yPER$zhttps://www.jstor.org/stable/i357135
=952  \\$00$10$2ddc$3Early Music, Vol.39 No.4 2011$40$6PER_EM1$70$925459$aORPH$bORPH$cKM12_1$d2020-07-08$l0$oPER EM1$p20129484v39n4$r2021-01-12 00:00:00$w2021-01-12$yPER$zhttps://www.jstor.org/stable/i357136
=952  \\$00$10$2ddc$3Early Music, Vol.40 No.1 2012$40$6PER_EM1$70$925460$aORPH$bORPH$cKM12_1$d2020-07-08$l0$oPER EM1$p20129484v40n1$r2021-01-12 00:00:00$w2021-01-12$yPER$zhttps://www.jstor.org/stable/i357137
=952  \\$00$10$2ddc$3Early Music, Vol.40 No.2 2012$40$6PER_EM1$70$925461$aORPH$bORPH$cKM12_1$d2020-07-08$l0$oPER EM1$p20129484v40n2$r2021-01-12 00:00:00$w2021-01-12$yPER$zhttps://www.jstor.org/stable/i357138
=952  \\$00$10$2ddc$3Early Music, Vol.40 No.3 2012$40$6PER_EM1$70$925462$aORPH$bORPH$cKM12_1$d2020-07-08$l0$oPER EM1$p20129484v40n3$r2021-01-12 00:00:00$w2021-01-12$yPER$zhttps://www.jstor.org/stable/i357139
=952  \\$00$10$2ddc$3Early Music, Vol.40 No.4 2012$40$6PER_EM1$70$925463$aORPH$bORPH$cKM12_1$d2020-07-08$l0$oPER EM1$p20129484v40n4$r2021-01-12 00:00:00$w2021-01-12$yPER$zhttps://www.jstor.org/stable/i357140
=952  \\$00$10$2ddc$3Early Music, Vol.41 No.1 2013$40$6PER_EM1$70$925464$aORPH$bORPH$cKM12_1$d2020-07-08$l0$oPER EM1$p20129484v41n1$r2021-01-12 00:00:00$w2021-01-12$yPER$zhttps://www.jstor.org/stable/i357141
=952  \\$00$10$2ddc$3Early Music, Vol.41 No.2 2013$40$6PER_EM1$70$925465$aORPH$bORPH$cKM12_1$d2020-07-08$l0$oPER EM1$p20129484v41n2$r2021-01-12 00:00:00$w2021-01-12$yPER$zhttps://www.jstor.org/stable/i357142
=952  \\$00$10$2ddc$3Early Music, Vol.41 No.3 2013$40$6PER_EM1$70$925466$aORPH$bORPH$cKM12_1$d2020-07-08$l0$oPER EM1$p20129484v41n3$r2021-01-12 00:00:00$w2021-01-12$yPER$zhttps://www.jstor.org/stable/i357143
=952  \\$00$10$2ddc$3Early Music, Vol.41 No.4 2013$40$6PER_EM1$70$925467$aORPH$bORPH$cKM12_1$d2020-07-08$l0$oPER EM1$p20129484v41n4$r2021-01-12 00:00:00$w2021-01-12$yPER$zhttps://www.jstor.org/stable/i357144
=952  \\$00$10$2ddc$3Early Music, Vol.42 No.1 2014$40$6PER_EM1$70$925468$aORPH$bORPH$cKM12_1$d2020-07-08$l0$oPER EM1$p20129484v42n1$r2021-01-12 00:00:00$w2021-01-12$yPER$zhttps://www.jstor.org/stable/i357145
=952  \\$00$10$2ddc$3Early Music, Vol.42 No.2 2014$40$6PER_EM1$70$925469$aORPH$bORPH$cKM12_1$d2020-07-08$l0$oPER EM1$p20129484v42n2$r2021-01-12 00:00:00$w2021-01-12$yPER$zhttps://www.jstor.org/stable/i357146
=952  \\$00$10$2ddc$3Early Music, Vol.42 No.3 2014$40$6PER_EM1$70$925470$aORPH$bORPH$cKM12_1$d2020-07-08$l0$oPER EM1$p20129484v42n3$r2021-01-12 00:00:00$w2021-01-12$yPER$zhttps://www.jstor.org/stable/i357147
=952  \\$00$10$2ddc$3Early Music, Vol.42 No.4 2014$40$6PER_EM1$70$925471$aORPH$bORPH$cKM12_1$d2020-07-08$l0$oPER EM1$p20129484v42n4$r2021-01-12 00:00:00$w2021-01-12$yPER$zhttps://www.jstor.org/stable/i357148
=952  \\$00$10$2ddc$3Early Music, Vol.43 No.1 2015$40$6PER_EM1$70$925472$aORPH$bORPH$cKM12_1$d2020-07-08$l0$oPER EM1$p20129484v43n1$r2021-01-12 00:00:00$w2021-01-12$yPER$zhttps://www.jstor.org/stable/i357149
=952  \\$00$10$2ddc$3Early Music, Vol.43 No.2 2015$40$6PER_EM1$70$925473$aORPH$bORPH$cKM12_1$d2020-07-08$l0$oPER EM1$p20129484v43n2$r2021-01-12 00:00:00$w2021-01-12$yPER$zhttps://www.jstor.org/stable/i357150
=952  \\$00$10$2ddc$3Early Music, Vol.43 No.3 2015$40$6PER_EM1$70$925474$aORPH$bORPH$cKM12_1$d2020-07-08$l0$oPER EM1$p20129484v43n3$r2021-01-12 00:00:00$w2021-01-12$yPER$zhttps://www.jstor.org/stable/i357151
=952  \\$00$10$2ddc$3Early Music, Vol.43 No.4 2015$40$6PER_EM1$70$925475$aORPH$bORPH$cKM12_1$d2020-07-08$l0$oPER EM1$p20129484v43n4$r2021-01-12 00:00:00$w2021-01-12$yPER$zhttps://www.jstor.org/stable/i357152
=952  \\$00$10$2ddc$3Early Music, Vol.44 No.1 2016$40$6PER_EM1$70$925476$aORPH$bORPH$cKM12_1$d2020-07-08$l0$oPER EM1$p20129484v44n1$r2021-01-12 00:00:00$w2021-01-12$yPER$zhttps://www.jstor.org/stable/i357153
=952  \\$00$10$2ddc$3Early Music, Vol.44 No.2 2016$40$6PER_EM1$70$925477$aORPH$bORPH$cKM12_1$d2020-07-08$l0$oPER EM1$p20129484v44n2$r2021-01-12 00:00:00$w2021-01-12$yPER$zhttps://www.jstor.org/stable/i357154
=952  \\$00$10$2ddc$3Early Music, Vol.44 No.3 2016$40$6PER_EM1$70$925478$aORPH$bORPH$cKM12_1$d2020-07-08$l0$oPER EM1$p20129484v44n3$r2021-01-12 00:00:00$w2021-01-12$yPER$zhttps://www.jstor.org/stable/i357155
=952  \\$00$10$2ddc$3Early Music, Vol.44 No.4 2016$40$6PER_EM1$70$925479$aORPH$bORPH$cKM12_1$d2020-07-08$l0$oPER EM1$p20129484v44n4$r2021-01-12 00:00:00$w2021-01-12$yPER$zhttps://www.jstor.org/stable/i357156
=952  \\$00$10$2ddc$3Early Music, Vol.45 No.1 2017$40$6PER_EM1$70$925480$aORPH$bORPH$cKM12_1$d2020-07-08$l0$oPER EM1$p20129484v45n1$r2021-01-12 00:00:00$w2021-01-12$yPER$zhttps://www.jstor.org/stable/i357157
=952  \\$00$10$2ddc$3Early Music, Vol.45 No.2 2017$40$6PER_EM1$70$925481$aORPH$bORPH$cKM12_1$d2020-07-08$l0$oPER EM1$p20129484v45n2$r2021-01-12 00:00:00$w2021-01-12$yPER$zhttps://www.jstor.org/stable/i357158
=952  \\$00$10$2ddc$3Early Music, Vol.45 No.3 2017$40$6PER_EM1$70$925482$aORPH$bORPH$cKM12_1$d2020-07-08$l0$oPER EM1$p20129484v45n3$r2021-01-12 00:00:00$w2021-01-12$yPER$zhttps://www.jstor.org/stable/i357159
=952  \\$00$10$2ddc$3Early Music, Vol.45 No.4 2017$40$6PER_EM1$70$925483$aORPH$bORPH$cKM12_1$d2020-07-08$l0$oPER EM1$p20129484v45n4$r2021-01-12 00:00:00$w2021-01-12$yPER$zhttps://www.jstor.org/stable/i357160
=952  \\$00$10$2ddc$3Early Music, Vol.46 No.1 2018$40$6PER_EM1$70$925484$aORPH$bORPH$cKM12_1$d2020-07-08$l0$oPER EM1$p20129484v46n1$r2021-01-12 00:00:00$w2021-01-12$yPER$zhttps://www.jstor.org/stable/i357161
=952  \\$00$10$2ddc$3Early Music, Vol.46 No.2 2018$40$6PER_EM1$70$925485$aORPH$bORPH$cKM12_1$d2020-07-08$l0$oPER EM1$p20129484v46n2$r2021-01-12 00:00:00$w2021-01-12$yPER$zhttps://www.jstor.org/stable/i357162
=952  \\$00$10$2ddc$3Early Music, Vol.46 No.3 2018$40$6PER_EM1$70$925486$aORPH$bORPH$cKM12_1$d2020-07-08$l0$oPER EM1$p20129484v46n3$r2021-01-12 00:00:00$w2021-01-12$yPER$zhttps://www.jstor.org/stable/i357163
=952  \\$00$10$2ddc$3Early Music, Vol.46 No.4 2018$40$6PER_EM1$70$925487$aORPH$bORPH$cKM12_1$d2020-07-08$l0$oPER EM1$p20129484v46n4$r2021-01-12 00:00:00$w2021-01-12$yPER$zhttps://www.jstor.org/stable/i357164
=999  \\$d13643

