=LDR  00785aas a2200181   4500
=001  13645
=008  241031i19801997||||||||\||||\00|\0\fre\d
=022  \\$a02480115
=041  \\$afre
=110  \\$aGroupement professionnel des Facteurs d'Orgue$927799
=245  \\$aLes facteurs d’orgues français : revue technologique de la corporation
=260  \\$c1980-1997$aParis$bGPFO [Groupement professionel des facteurs d'orgues]
=505  \\$gVols. 1-21
=650  \0$aOrgan$1http://www.wikidata.org/entity/Q1444$92810
=651  \0$aFrance$1http://www.wikidata.org/entity/Q142$9131
=942  \\$cPER
=952  \\$00$10$2ddc$40$6INS_PER3_1_000000000000000_FO1$70$8INS$913613$aORPH$bORPH$cKTS0$d2020-07-08$eKoopman$l0$oINS PER3.1 FO1$p20129485$r2021-01-12 00:00:00$w2021-01-12$yPER$OINS 3.1 z FOF
=999  \\$d13645

