=LDR  00687aas a2200157   4500
=001  13646
=008  220126d19831988|||f||||\||||\00|\0\ita\d
=041  \\$aita
=100  \\$4edt$aRostirolla, Giancarlo$913655
=245  \\$aIl flauto dolce.$bRivista per lo studio e la pratica della musica antica
=260  \\$aSocietà Italiana del Flauto Dolce$bRome$c1983-88
=650  \0$aOrganology$1http://www.wikidata.org/entity/Q899293$921400
=650  \0$aHistorically informed performance$1http://www.wikidata.org/entity/Q1344860$920980
=942  \\$cPER
=952  \\$00$10$2ddc$40$6PER_FD1$70$8PER$913614$aORPH$bORPH$cKM12_1$d2020-07-08$eKoopman$oPER FD1$p20129486$r2021-01-12 00:00:00$w2021-01-12$yPER
=999  \\$d13646

