=LDR  00427    a2200109   4500
=001  13652
=022  \\$a04400615 of 04400992
=245  \\$aHändel-Jahrbuch
=260  \\$c1960; 1967-70; 1972-74; 1979; 1989-90; 1993-95; 2000; 2003-07; 2009; 2012; 2014; 2018
=942  \\$cBOO
=952  \\$00$10$2ddc$40$6BIO_HAND_F$70$8BIO$913620$aORPH$bORPH$cKTS1_P$d2020-07-08$eKoopman$oBIO HAND f$p20129491$r2021-01-12 00:00:00$w2021-01-12$yPER$OHJ1
=999  \\$c13652$d13652

