=LDR  00373    a2200109   4500
=001  13654
=022  \\$a00405323
=245  \\$aHaydn-Studien
=260  \\$c1965-67; 1969-70; 1973-74; 1976-80; 2006
=942  \\$cBOO
=952  \\$00$10$2ddc$40$6BIO_HAYD1_F$70$8BIO$913622$aORPH$bORPH$cKTS1_P$d2020-07-08$eKoopman$iTS$oBIO HAYD1 f$p20129493$r2021-01-12 00:00:00$w2021-01-12$yPER$OHS1
=999  \\$c13654$d13654

