=LDR  00624aas a2200145   4500
=001  13656
=008  231023i19721983|||f||||\||||\00|\0\dut\d
=041  \\$adut
=245  \\$aHuismuziek.$bMededelingenblad van de Vereniging voor Huismuziek$nNos. 21 (1972)-22 (1973); 74 (1974)-83 (1983)
=260  \\$aArnhem$bVereniging voor Huismuziek$c1972-83
=650  \0$aDomestic music-making$926204
=650  \0$aPeriodical$1http://www.wikidata.org/entity/Q1002697$921106
=942  \\$cPER
=952  \\$00$10$2ddc$40$6PER_HU1$70$8REF$913624$aORPH$bORPH$cKM12_1$d2020-07-08$eKoopman$l0$oPER HU1$p20129495$r2021-01-12 00:00:00$w2021-01-12$yPER$OHM
=999  \\$d13656

