=LDR  00771aas a2200193   4500
=001  13657
=008  231023i19842008|||a||||\||||\00|\0\eng\d
=022  \\$a02558831
=041  \\$aeng
=100  \\$aSeebass, Tilman$4edt$926615
=245  \\$aImago Musicæ.$bInternational Yearbook of Music Iconography$pVol. I (1984)-XXX (2018)
=246  \1$aImago Musicae
=260  \\$c1984-2018
=650  \0$aIconography$1http://www.wikidata.org/entity/Q208145$921259
=650  \0$aMusic history$1http://www.wikidata.org/entity/Q846047$921373
=650  \0$aPeriodical$1http://www.wikidata.org/entity/Q1002697$921106
=942  \\$cPER
=952  \\$00$10$2ddc$40$6PER_IM1$70$8VIS$913625$aORPH$bORPH$cKTS1_H$d2020-07-08$eKoopman$l0$oPER IM1$p20129525$r2021-01-12 00:00:00$w2021-01-12$yPER$OIM
=999  \\$d13657

