=LDR  01226aas a2200217   4500
=001  13658
=008  210916i20022018\\\|||||\||||\00|\0\ita\d
=022  \\$a17244315
=041  \\$aita
=110  \\$aFondazione Accademia di Musica Italiana per Organo$927801
=245  \\$aInformazione organistica:$bRivista della Fondazione Accademia di Musica Italiana per Organo
=260  \\$aPistoia$bFondazione Accademia di Musica Italiana per Organo$c2002-2018
=490  \\$vNuova seria
=505  \\$gVols. 2, 4-7, 9, 13, 14, 16, 19-39, 42-43
=561  \\$aA number of these volumes come from the library of Gustav Leonhardt, they went to Ton Koopman after his death. 
Leonhardt made markings in pencil and cut out the cover image of  Vol. 16. Annotations in ballpoint are by Ton Koopman. 
=650  \0$aOrgan$1http://www.wikidata.org/entity/Q1444$92810
=650  \0$aOrgan music$1https://www.wikidata.org/entity/Q2003283$1https://www.wikidata.org/wiki/Q116958279$91951
=651  \0$aItaly$1http://www.wikidata.org/entity/Q38$922
=942  \\$cPER
=952  \\$00$10$2ddc$40$6INS_PER3_1_000000000000000_IO1$70$8INS$913626$aORPH$bORPH$cKTS0$d2020-07-08$eKoopman$iTS Inf. Org$oINS PER3.1 IO1$p20129526$r2021-01-12 00:00:00$w2021-01-12$yPER
=999  \\$d13658

