=LDR  01358aas a2200253   4500
=001  13663
=005  20250925143300.0
=008  250226i19661998|||t||||\||||\00|\0\eng\d
=022  \\$a00030139
=245  \\$aJournal of the American Musicological Society
=260  \\$aPhiladelphia, PA$bAmerican Musicological Society$c1966-69$c1972-74$c1977-98
=648  \0$a20th Century (1901-2000)$1http://www.wikidata.org/entity/Q6927$920936
=650  \0$aPeriodical$1http://www.wikidata.org/entity/Q1002697$921106
=650  \0$aMusicology$1http://www.wikidata.org/entity/Q164204$93925
=651  \0$aUSA$1http://www.wikidata.org/entity/Q30$943
=700  \\$aLockwood, Lewis$d1930-$1http://www.wikidata.org/entity/Q1822119$4edt$916223
=700  \\$aHaar, James$d1929-2018$1http://www.wikidata.org/entity/Q22959342$4edt$939787
=700  \\$aRandel, Don Michael$d1940-$1http://www.wikidata.org/entity/Q3035860$4edt$939788
=700  \\$aTemperley, Nicholas$d1932-2020$1http://www.wikidata.org/entity/Q107584057$4edt$939789
=700  \\$aRosand, Ellen$d1940-$1http://www.wikidata.org/entity/Q5364992$4edt$913631
=700  \\$aKramer, Richard$d1938-$1http://www.wikidata.org/entity/Q15920572$4edt$916917
=942  \\$cPER
=952  \\$00$10$2ddc$40$6PER_JA1$70$8REF$913631$aORPH$bORPH$cKM12_1$d2020-07-08$eKoopman$oPER JA1$p20129531$r2021-01-12 00:00:00$w2021-01-12$yPER
=999  \\$d13663

