=LDR  01209aas a2200229   4500
=001  13665
=008  241031i20072021|||a||||\||||\00|\0\eng\d
=022  \\$a19430809
=041  \\$aeng
=110  \\$aWestfield Center for Historical Keyboard Studies
=245  \\$aKeyboard Perspectives.$bYearbook of the Westfield Center for Historical Keyboard Studies
=260  \\$aIthaca, NY$bCornell University, Westfield Center for Historical Keyboard Studies$c2007-2021
=500  \\$aVol. XIII 'The Lure of Paris, 1795-1810' is edited by Tom Beghin.
=505  \\$gVol. I (2007-2008) - Vol. VII (2014), Vol. IX (2016) - Vol. XI (2018), Vol. XIII (2021)
=650  \0$aKeyboard instrument$1http://www.wikidata.org/entity/Q52954$92849
=650  \0$aMusic history$1http://www.wikidata.org/entity/Q846047$921373
=650  \0$aOrganology$1http://www.wikidata.org/entity/Q899293$921400
=700  \\$aRichards, Annette$4edt$927797
=856  \\$uhttps://westfield.org/publications/yearbook/$3contents of all volumes of Keyboard Perspectives
=942  \\$cBOO
=952  \\$00$10$2ddc$40$6INS_PER3_KP$70$8INS$913633$aORPH$bORPH$cKTS0$d2020-07-08$eKoopman$l0$oINS PER3 KP$p20129533$r2021-01-12 00:00:00$w2021-01-12$yPER$OINS 3 z KP
=999  \\$d13665

