=LDR  00974aas a2200205   4500
=001  13670
=005  20250925143300.0
=008  250325k19461991||||||||\||||\00|\0\dut\d
=041  \\$adut
=245  \\$aMens en Melodie$nJaargang 1947-78; 1981; 1988; 1989; 1990; 1991
=260  \\$c1946-78; 1981; 1988-91$aAntwerp$aUtrecht$bSpectrum
=300  \\$a37 vols
=648  \0$a20th Century (1901-2000)$1http://www.wikidata.org/entity/Q6927$920936
=650  \0$aMusic criticism$1http://www.wikidata.org/entity/Q11748889$921598
=650  \0$aPeriodical$1http://www.wikidata.org/entity/Q1002697$921106
=651  \0$aNetherlands$1http://www.wikidata.org/entity/Q55$1http://www.wikidata.org/entity/Q29999$9173
=651  \0$aFlanders (Belgium)$1http://www.wikidata.org/entity/Q234$989
=942  \\$cPER
=952  \\$00$10$2ddc$40$6PER_MM_GLASS_CUPBOARD$70$8PER$913638$aORPH$bORPH$cKM12_1$d2020-07-08$eKoopman$l0$oPER MM (Glass Cupboard)$p20129536$r2021-01-12 00:00:00$w2021-01-12$yPER$OMM1
=999  \\$d13670

