=LDR  00861aas a2200181   4500
=001  13672
=008  231023i20042018||||||||\||||\00|\0\ger\d
=022  \\$a18622003
=245  \\$aMitteilungen der Christoph-Graupner-Gesellschaft$pNos. 1 (2004)-9 (2018)
=260  \\$aDarmstadt$bChristoph-Graupner-Gesellschaft$c2004-18
=600  \0$aGraupner, Christoph$d1683-1760$1http://www.wikidata.org/entity/Q115067$99628
=648  \0$a18th Century (1701-1800)$1http://www.wikidata.org/entity/Q7015$920899
=650  \0$aComposer$1http://www.wikidata.org/entity/Q36834$93625
=650  \0$aPeriodical$1http://www.wikidata.org/entity/Q1002697$921106
=651  \0$aGermany$1http://www.wikidata.org/entity/Q183$9155
=942  \\$cPER
=952  \\$00$10$2ddc$40$6BIO_GRAU_F$70$8BIO$923001$aORPH$bORPH$cKTS1_P$d2020-07-08$eKoopman$l0$oBIO GRAU f$r2023-10-23 00:00:00$w2023-10-23$yPER
=999  \\$d13672

