=LDR  00762aas a2200181   4500
=001  13676
=008  220217i19701983|||q||||\||||\00|\0\eng\d
=022  \\$a00274224
=041  \\$aeng
=100  \\$4edt$aWestrup, Jack Allen$d1904-1975$1http://www.wikidata.org/entity/Q6115732$915002
=245  \\$aMusic & Letters
=260  \\$aOxford$bOxford University Press$c1970; 1973-83
=650  \0$aPeriodical$1http://www.wikidata.org/entity/Q1002697$921106
=650  \0$aMusic history$1http://www.wikidata.org/entity/Q846047$921373
=650  \0$aMusical analysis$1http://www.wikidata.org/entity/Q1544924$92775
=942  \\$cPER
=952  \\$00$10$2ddc$40$6PER_ML1$70$8PER$913643$aORPH$bORPH$cKM12_1$d2020-07-08$eKoopman$oPER ML1$p20129520$r2021-01-12 00:00:00$w2021-01-12$yPER
=999  \\$d13676

