=LDR  02061aam a2200289   4500
=001  13677
=008  250120s1986\\\\|||agoh|\||||\00|\0dmul\d
=041  \\$adut$afre
=245  \\$aDe eodem et diverso.$bBundel essays over diverse themata van het oude muziek-onderzoek
=260  \\$c1986$aPeer$bMusica - Alamire
=300  \\$a186 pages
=490  \\$aJaarboek van het het Vlaams Centrum voor Oude Muziek$vJaargang II - 1986
=505  \\$gH. Baeten/Ten geleide -- J. Claire/L'art de chanter le Gregorien -- M.A. Vente/Het geslacht Van Elene, orgelbouwers te Maastricht in de 15e eeuw -- B. Huys/Overzicht van de muziektypografie in de Zuidelijke Nederlanden vóór 1800 --K. Moens/De vrouw in de huismuziek: een iconografische studie naar de 16de- en 17de-eeuwse schilderijen en prenten uit de Nederlanden -- G. Haenen/ De tremulant als beeld in de muziek van de barok -- G. Spiessens/De Antwerpse organist en componist Jacobus La Fosse (1671-1721) -- R. Rasch/Nogmaals 't uitnemend kabinet -- A. Lehr/De luidklok tussen magie en muziek
=648  \0$aPast$1http://www.wikidata.org/entity/Q192630$922196
=650  \0$aMusic history$1http://www.wikidata.org/entity/Q846047$921373
=650  \0$aOpera$1http://www.wikidata.org/entity/Q1344 $92468
=650  \0$aFemale$1http://www.wikidata.org/entity/Q6581072$921764
=650  \0$aPlainchant$1http://www.wikidata.org/entity/Q2707688$921363
=650  \0$aOrganist$1http://www.wikidata.org/entity/Q765778$94471
=650  \0$aOrgan$1http://www.wikidata.org/entity/Q1444$92810
=650  \0$aBell$1http://www.wikidata.org/entity/Q101401$922519
=651  \0$aFlanders (Belgium)$1http://www.wikidata.org/entity/Q234$989
=700  \\$aSnellings, Dirk$d1959-2014$1http://www.wikidata.org/entity/Q52836612$4edt$917839
=700  \\$aHuybens, Gilbert$d1949-$1http://www.wikidata.org/entity/Q64706420$4edt$920629
=942  \\$cBOO
=952  \\$00$10$2ddc$40$6TOP_BE_FLA_0_000000000000000$70$8TOP$913644$aORPH$bORPH$cKTS0$d2020-07-08$eKoopman$i22D49$l0$oTOP BE.FLA 0$p20128431$r2021-01-12 00:00:00$w2021-01-12$yBOO$OJV1
=999  \\$d13677

