=LDR  00915aas a2200193   4500
=001  13680
=008  240612i19431977|||q||||\||||\00|\0\eng\d
=022  \\$a00274631
=041  \\$aeng
=245  \\$aThe Musical Quarterly
=260  \\$aNew York$bSchirmer$aOxford$bOxford University Press$c1943; 1949; 1953; 1964; 1965; 1969; 1970; 1972-77
=650  \0$aMusic history$1http://www.wikidata.org/entity/Q846047$921373
=650  \0$aMusic theory$1http://www.wikidata.org/entity/Q193544$92662
=650  \0$aPeriodical$1http://www.wikidata.org/entity/Q1002697$921106
=700  \\$aEngel, Carl$d1883-1944$1http://www.wikidata.org/entity/Q3725330$4edt$927439
=700  \\$aLang, Paul Henry$d1909-1991$1http://www.wikidata.org/entity/Q322381$4edt$912273
=942  \\$cPER
=952  \\$00$10$2ddc$40$6PER_MQ1$70$8PER$913647$aORPH$bORPH$cKM12_1$d2020-07-08$eKoopman$l0$oPER MQ1$p20129523$r2021-01-12 00:00:00$w2021-01-12$yPER$OMQ1
=999  \\$d13680

