=LDR  00954aas a2200217   4500
=001  13682
=005  20250925143300.0
=008  240811i19492020|||q||||\||||\00|\0\ger\d
=022  \\$a00274801
=041  \\$ager
=110  \\$aGesellschaft für Musikforschung (Kassel, Germany)$1http://www.wikidata.org/entity/Q1518489$91687
=245  \\$aDie Musikforschung$nvols. 2-73/1
=260  \\$aKassel$bBärenreiter$c1949-2020
=648  \0$a20th Century (1901-2000)$1http://www.wikidata.org/entity/Q6927$920936
=648  \0$a21st Century (2001-2100)$1http://www.wikidata.org/entity/Q6939$920812
=650  \0$aPeriodical$1http://www.wikidata.org/entity/Q1002697$921106
=650  \0$aMusicology$1http://www.wikidata.org/entity/Q164204$93925
=651  \0$aGermany$1http://www.wikidata.org/entity/Q183$9155
=942  \\$cPER
=952  \\$00$10$2ddc$40$6PER_MU2$70$8PER$923537$aORPH$bORPH$cKM12_1$d2020-07-08$eKoopman$l0$oPER MU2$r2024-08-11 00:00:00$w2024-08-11$yPER
=999  \\$d13682

