=LDR  00895aas a2200205   4500
=001  13685
=008  241101i19701997|||a||||\||||\00|\0\eng\d
=022  \\$a09203192
=041  \\$aeng
=100  \\$aWilliams, Peter$d1937-2016$4edt$915535
=245  \\$aThe Organ Yearbook
=260  \\$c1970-78; 1980-84; 1986-88; 1994-97$aBuren$aLaaber$bKnuf$bLaaber
=505  \\$gVols. 1-9, 11-15, 17-19, 24-27
=590  \\$aA journal for the players & historians of keyboard instruments
=650  \0$aOrgan$1http://www.wikidata.org/entity/Q1444$92810
=650  \0$aKeyboard music$1http://www.wikidata.org/entity/Q105715630$921412
=650  \0$aKeyboard instrument$1http://www.wikidata.org/entity/Q52954$92849
=942  \\$cPER
=952  \\$00$10$2ddc$40$6INS_PER3_1_000000000000000_OY1$70$8INS$913651$aORPH$bORPH$cKTS0$d2020-07-08$eKoopman$l0$oINS PER3.1 OY1$p20129515$r2021-01-12 00:00:00$w2021-01-12$yPER$OOY1
=999  \\$d13685

