=LDR  00901aas a2200181   4500
=001  13699
=022  \\$a0080-4452
=041  \\$aeng
=110  \\$4edt$aRoyal Musical Association (London, United Kingdom)$1http://www.wikidata.org/entity/Q7374510$923175
=245  \\$aProceedings of the Royal Musical Association
=260  \\$aCambridge$bCambridge University Press$c1950-51; 1955-56; 1963-65; 1967-73; 1974-85
=534  \\$aSeries published in 1944-84, followed up by the Journal of the Royal Musical Association
=650  \0$aPeriodical$1http://www.wikidata.org/entity/Q1002697$921106
=650  \0$aMusicology$1http://www.wikidata.org/entity/Q164204$93925
=651  \0$aHull (United Kingdom)$1http://www.wikidata.org/entity/Q128147$923065
=942  \\$cPER
=952  \\$00$10$2ddc$40$6PER_PR1$70$8PER$913665$aORPH$bORPH$cKM12_1$d2020-07-08$eKoopman$oPER PR1$p20129510$r2021-01-12 00:00:00$w2021-01-12$yPER
=999  \\$d13699

