=LDR  01432aas a2200217   4500
=001  13705
=008  221122i19792018|||a||||\||||\00|\0\ger\d
=022  \\$a01742345
=041  \\$ager
=100  \\$4edt$aBreig, Werner$99878
=245  \\$aSchütz-Jahrbuch
=260  \\$c1979-2018$aKassel$bBärenreiter
=520  \\$aThe Schütz-Jahrbuch has been published annually since 1979 as the central journal for contributions on Heinrich Schütz and his environment. The topics covered focus on music and musical culture of the 17th century and, within this framework, deal with baroque music in its entire range. The Schütz-Jahrbuch is the central publishing platform for the papers and lectures presented at the Heinrich Schütz Days and the International Heinrich Schütz Festivals.

The yearbooks are made freely accessible with an embargo period of five years.
=600  \0$aSchütz, Heinrich$d1585-1672$1http://www.wikidata.org/entity/Q153643$97240
=648  \0$a17th Century (1601-1700)$1http://www.wikidata.org/entity/Q7016$920923
=650  \0$aMusic history$1http://www.wikidata.org/entity/Q846047$921373
=650  \0$aCuckoo$1http://www.wikidata.org/entity/Q18845$922474
=651  \0$aGermany$1http://www.wikidata.org/entity/Q183$9155
=942  \\$cBOO
=952  \\$00$10$2ddc$40$6BIO_SCHU5_F$70$8BIO$913670$aORPH$bORPH$cKTS1_P$d2020-07-08$eKoopman$iTS Schütz$l0$oBIO SCHU5 f$p20125958$r2021-01-12 00:00:00$w2021-01-12$yPER$OSJ1
=999  \\$d13705

