=LDR  00376    a2200097   4500
=001  13711
=245  \\$aTijdschrift der Vereeniging voor Noord-Nederlands Muziekgeschiedenis
=260  \\$c1885-1914
=942  \\$cBOO
=952  \\$00$10$2ddc$40$6BIO_VIVA_F$70$8BIO$913676$aORPH$bORPH$cKTS1_P$d2020-07-08$eKoopman$iTS Studi$oBIO VIVA f$p20125962$r2021-01-12 00:00:00$w2021-01-12$yBOO$OTV1
=999  \\$c13711$d13711

