=LDR  01053aas a2200193   4500
=001  13713
=005  20250925143300.0
=008  231023c19862003|||q||||\||||\00|\0\dut\d
=022  \\$a09206649
=041  \\$adut
=245  \\$aTijdschrift voor Oude Muziek$n1986/1-5; 1987/2-4; 1988/1, 3-4; (1988); 1989/1-3; 1990/1; 1991/2-4; 1992/1, 3; 1993/2, 3; 1995/1; 1996/1-4; 1997/2-4; 1998/1-2; 1999/1-3; 2000/1; 2001/1, 3; 2003/4; 2012/3; 2014/1; 2016/1
=260  \\$aUtrecht$bStichting Organisatie Oude Muziek$c1986-2012
=610  \0$aFestival Oude Muziek Utrecht (Netherlands)$1http://www.wikidata.org/entity/Q2659124$926541
=648  \0$a20th Century (1901-2000)$1http://www.wikidata.org/entity/Q6927$920936
=650  \0$aEarly music$1http://www.wikidata.org/entity/Q436016$93160
=650  \0$aHistorically informed performance$1http://www.wikidata.org/entity/Q1344860$920980
=942  \\$cPER
=952  \\$00$10$2ddc$40$6PER_TO1$70$8REF$913678$aORPH$bORPH$cKM12_1$d2020-07-08$eKoopman & Thwaites$l0$oPER TO1$p20125965$r2021-01-12 00:00:00$w2021-01-12$yPER$OTO1
=999  \\$d13713

