=LDR  01056aas a2200205   4500
=001  13719
=008  220810d19681990||||||||\||||\00|\0\dut\d
=022  \\$a01666304
=022  \\$a09299890
=041  \\$adut
=100  \\$4edt$aBuijnsters, Piet$d1933-2022$1http://www.wikidata.org/entity/Q15880717$99983
=245  \\$aDocumentatieblad Werkgroep Achttiende eeuw$nnos. 1, 27-29, 38, 45, 53-54, 61-62, 65-66, XIX/2, XXI/1, XXII/2, XXXIV/1
=260  \\$aNijmegen$bWerkgroep Achttiende Eeuw$c1968; 1975; 1978; 1980; 1982; 1984; 1985; 1987; 1989-90; 2002
=500  \\$aDiscontinued in 1993 and succeeded by 'De Achttiende Eeuw'
=648  \0$a18th Century (1701-1800)$1http://www.wikidata.org/entity/Q7015$920899
=650  \0$aCuckoo$1http://www.wikidata.org/entity/Q18845$922474
=856  \\$uhttps://www.dbnl.org/auteurs/auteur.php?id=_doc003$3Digital Library for Dutch Literature (DBNL)
=942  \\$cPER
=952  \\$00$10$2ddc$40$6PER_AE1$70$8PER$913684$aORPH$bORPH$cKM12_1$d2020-07-08$eKoopman$l0$oPER AE1$p20125977$r2021-01-12 00:00:00$w2021-01-12$yPER$OWE1
=999  \\$d13719

