=LDR  00804aas a2200181   4500
=001  13721
=008  240212i19862016|||f||||\||||\00|\0\mul|d
=022  \\$a0921142X
=041  \\$adut$aeng
=245  \\$aDe Zeventiende Eeuw$n2(1)-32(2); Jaarboek 2017; Jaarboek 2019
=260  \\$aHilversum$bVerloren$aLettele$bSub Rosa$c1986-2016; 2017; 2019
=648  \0$a17th Century (1601-1700)$1http://www.wikidata.org/entity/Q7016$920923
=650  \0$aHistory$1http://www.wikidata.org/entity/Q309$921403
=650  \0$aLiterature$1http://www.wikidata.org/entity/Q8242$94439
=650  \0$aPeriodical$1http://www.wikidata.org/entity/Q1002697$921106
=942  \\$cPER
=952  \\$00$10$2ddc$40$6PER_ZE1$70$8REF$913686$aORPH$bORPH$cKM12_1$d2020-07-08$eKoopman$l0$oPER ZE1$p20129497$r2021-01-12 00:00:00$w2021-01-12$yPER$OZE1
=999  \\$d13721

