=LDR  01015aam a2200229   4500
=001  13743
=008  230413s2009\\\\nl\f||||\||||\00|\0\dut\d
=041  \\$adut
=100  \\$aEckhardt, Johan$4aut$915723
=245  \\$aAan de oevers van de Oosterschelde. Over een verloren gegaan Moreau-orgel en een orgeltocht op Tholen in 1908
=260  \\$aElburg$bStichting tot behoud van het Nederlandse Orgel$c2009
=300  \\$a39 pages
=600  \0$aYpma, Lodewijk$d1823-1877$926062
=650  \0$aOrgan$1http://www.wikidata.org/entity/Q1444$92810
=650  \0$aOrganology$1http://www.wikidata.org/entity/Q899293$921400
=651  \0$1http://www.wikidata.org/entity/Q55$aNetherlands$9173
=651  \0$aTholen (Zeeland, Netherlands)$926631
=700  \\$aTimmer, Victor$915724$4aut
=700  \\$aEckhardt, Johan$4aut$915723
=942  \\$cBOO
=952  \\$00$10$2ddc$40$6INS_3_000000000000000_1B_MORE$70$8INS$913709$aORPH$bORPH$cKTS0$d2020-07-08$eKoopman$i42G26$l0$oINS3.1b MORE$p20130373$r2021-01-12 00:00:00$w2021-01-12$yBOO
=999  \\$d13743

