=LDR  00567aam a2200157   4500
=001  13807
=005  20250120120014.0
=008  150702s1964\\\\\\\\\\\\\\\\\\\\\\0\f
=041  \\$afre
=100  \\$aLigot, Jacques$4aut$915766
=245  \\$aAdolphe Biarent: compositeur 1871-1916: Sa vie, son oeuvre, témoignages
=260  \\$aCharleroi$bLes amis d'Adolphe Biarent$c1964
=300  \\$a95
=942  \\$cBOO
=952  \\$00$10$2ddc$40$6BIO_BIAR_D$70$8BIO$913774$aORPH$bORPH$cKTS1_P$d2020-07-08$eKoopman$iMB284S$oBIO BIAR d$p20129937$r2021-01-12 00:00:00$w2021-01-12$yBOO
=999  \\$c13807$d13807

