=LDR  01211aam a2200253   4500
=001  13930
=005  20250605144350.0
=008  150506s1943\\\\\\\\\\\\\\\\\\\\\\0bdut\d
=041  \\$adut
=100  \\$aStellfeld, Jean-Auguste$4aut$914219
=245  \\$aAndries Pevernage:$bZijn leven - zijne werken
=260  \\$aLeuven$bDe Vlaamsche drukkerij$c1943
=300  \\$a179 pages
=490  \\$aKoninklijke Vlaamsche academie voor Taal- en letterkunde$vReeks VI, nr. 66
=600  \0$aPevernage, Andries$d1542/43-1591$1http://www.wikidata.org/entity/Q2159084$923130
=648  \0$a16th Century (1501-1600)$1http://www.wikidata.org/entity/Q7017$920944
=650  \0$aComposer$1http://www.wikidata.org/entity/Q36834$93625
=650  \0$aBiography$1http://www.wikidata.org/entity/Q36279$91927
=651  \0$aHarelbeke (Belgium)$1http://www.wikidata.org/entity/Q478797$921221
=651  \0$aBruges (Belgium)$1http://www.wikidata.org/entity/Q12994$920963
=651  \0$aAntwerp (Belgium)$1http://www.wikidata.org/entity/Q12892$920974
=942  \\$cBOO
=952  \\$00$10$2ddc$40$6BIO_PEVE_D$70$8BIO$911305$aORPH$bORPH$cKTS1_P$d2020-07-08$eKoopman$i23F16$oBIO PEVE d$p20128902$r2021-01-12 00:00:00$w2021-01-12$yBOO$OKoopman
=999  \\$d13930

