=LDR  01250aam a2200229   4500
=001  13976
=005  20250120120203.0
=008  201111s1997\\\\it\a\\\\\\\\\\\\\\0\ita\d
=041  \\$aita
=245  \\$aL'antico organo della chiesa parrocchiale SS. Pietro e Paolo Apostoli in Mizzole
=260  \\$aVerona$bParrocchia SS. Pietro e Paolo Apostoli di Mizzole$c1997
=300  \\$a14 pages
=500  \\$aMizzole is near Verona
=650  \0$aChurch$1http://www.wikidata.org/entity/Q16970$93776
=650  \0$aOrgan$1http://www.wikidata.org/entity/Q1444$92810
=651  \0$aVerona (Italy)$1http://www.wikidata.org/entity/Q2028$921086
=700  \\$4ctb$aRognini, Luciano$913604
=942  \\$cBOO
=952  \\$00$10$2ddc$40$6INS_3_000000000000000_1E_IT_VER$70$8INS$913946$aORPH$bORPH$cKTS0$d2020-07-08$eKoopman$i29D19$oINS3.1e IT.VER$p20130825$r2021-01-12 00:00:00$w2021-01-12$yBOO
=952  \\$00$10$2ddc$3Copy$40$6INS_3_000000000000000_1E_IT_VER$70$8INS$921368$aORPH$bORPH$cKTS0$d2020-07-08$eKoopman$i29D19$l0$oINS3.1e IT.VER$p20130829$r2022-02-28 00:00:00$w2021-01-12$yBOO
=952  \\$00$10$2ddc$40$6INS_3_000000000000000_1E_IT_VER$70$8INS$921859$aORPH$bORPH$cKTS0$d2020-07-08$eKoopman$l0$oINS3.1e IT.VER$p20130465$r2021-01-12 00:00:00$w2021-01-12$yBOO
=999  \\$d13976

