=LDR  00869aam a2200193   4500
=001  13985
=008  201111s1986\\\\-usaf\\\\\\\\\\\\\0\eng\d
=041  \\$aeng
=100  \\$aRobertson, Marvin L.$4aut$915938
=245  \\$aAnton Heiller memorial organ
=260  \\$aCollegedale, Tennessee$bSouthern College of Seventh-day Adventists$c1986
=610  \0$925799$aChurch of Seventh-day Adventists (Collegedale, USA)
=650  \0$aOrgan$1http://www.wikidata.org/entity/Q1444$92810
=650  \0$aOrganology$1http://www.wikidata.org/entity/Q899293$921400
=651  \0$925800$aCollegedale (Tennessee, USA)
=710  2\$925798$aSouthern College of Seventh-Day Adventists
=942  \\$cBOO
=952  \\$00$10$2ddc$40$6INS_3_000000000000000_1E_US_COL1$70$8INS$913955$aORPH$bORPH$cKTS0$d2020-07-08$eKoopman$i28E26 I$l0$oINS3.1e US.COL1$p20130381$r2021-01-12 00:00:00$w2021-01-12$yBOO
=999  \\$d13985

