=LDR  01435aam a2200265   4500
=001  14005
=005  20250121142131.0
=008  150702s1981\\\\\\\gah\\\\\\\\\\\\0bdut\d
=041  \\$adut
=245  \\$aWillem Gommaar Kennis (Lier 1717-Leuven 1789), leven en werk. Zijn muzikale betekenis in de 18e eeuw
=260  \\$aLeuven$bVan Der Poorten$c1981
=300  \\$a157 pages
=490  \\$aArca lovaniensis artes atque historiae reserans documenta. De vrienden van de Leuvense stedelijke musea$vJaarboek 1981
=600  \0$aKennis, Willem Gommaar$d1717-1789$1http://www.wikidata.org/entity/Q1553846$922082
=648  \0$a18th Century (1701-1800)$1http://www.wikidata.org/entity/Q7015$920899
=650  \0$aComposer$1http://www.wikidata.org/entity/Q36834$93625
=650  \0$aViolinist$1http://www.wikidata.org/entity/Q1259917$93278
=650  \0$aBiography$1http://www.wikidata.org/entity/Q36279$91927
=651  \0$aFlanders (Belgium)$1http://www.wikidata.org/entity/Q234$989
=700  \\$4edt$aHuybens, Gilbert$d1949-$1http://www.wikidata.org/entity/Q64706420$920629
=700  \\$4edt$aVan Buyten, L.$915965
=942  \\$cBOO
=952  \\$00$10$2ddc$40$6BIO_KENN_D$70$8BIO$910265$aORPH$bORPH$cKTS1_P$d2020-07-08$eKoopman$i45A34$oBIO KENN d$p20127414$r2021-01-12 00:00:00$w2021-01-12$yBOO
=952  \\$00$10$2ddc$40$6BIO_KENN_D$70$8BIO$913975$aORPH$bORPH$cKTS1_P$d2020-07-08$oBIO KENN d$p20134324$r2021-01-12 00:00:00$w2021-01-12$yBOO
=999  \\$d14005

