=LDR  01083aam a2200241   4500
=001  14088
=005  20250121142131.0
=008  150608s1987\\\\\\\\\\\\\\\\\\\\\\0\eng
=020  \\$a3533037150
=041  \\$aeng
=100  \\$aBarnett, Dene$4aut$916067
=245  \\$aThe Art of Gesture:$bThe Practices and Principles of 18th-Century Acting
=260  \\$aHeidelberg$bWinter$c1987
=300  \\$a503 pages
=490  \\$aReihe Siegen$v64
=648  \0$a18th Century (1701-1800)$1http://www.wikidata.org/entity/Q7015$920899
=650  \0$aActing$1http://www.wikidata.org/entity/Q222749$92807
=650  \0$aHistorically informed performance$1http://www.wikidata.org/entity/Q1344860$920980
=700  \\$aMassy-Westropp, Jeanette$99395
=942  \\$cBOO
=952  \\$00$10$2ddc$40$6LIT_BARN_A$70$8LIT$95806$aORPH$bORPH$cKM12_2_H$d2020-07-08$eKoopman$i41D22$oLIT BARN a$p20120149$r2021-01-12 00:00:00$w2021-01-12$yBOO
=952  \\$00$10$2ddc$40$6MTP_2_000000000000000_BARN$70$8MTP$914061$aORPH$bORPH$cKM12_1$g111.00$l0$oMTP2 BARN$p20135530$r2021-01-12 00:00:00$w2021-01-12$yBOO$d2020-07-08
=999  \\$d14088

