=LDR  00881aam a2200217   4500
=001  14135
=008  201111s1964\\\\fr\a\\\\\\\\\\\\\\0\fre\d
=041  \\$afre
=100  \\$4aut$aCoutaz, Bernard$916122
=245  \\$aAu cœur de la Bourgogne
=246  \1$aAu coeur de la Bourgogne
=260  \\$aParis$bHarmonie du Monde$c1964
=300  \\$a30 pages
=336  \\$aprinted
=600  \0$aClérambault, Louis-Nicolas$d1676-1749$1http://www.wikidata.org/entity/Q470149$97049
=650  \0$aOrgan$1http://www.wikidata.org/entity/Q1444$92810
=650  \0$aOrganology$1http://www.wikidata.org/entity/Q899293$921400
=651  \0$aBurgundy (France)$1http://www.wikidata.org/entity/Q1173$924283
=942  \\$cBOO
=952  \\$00$10$2ddc$40$6INS_3_000000000000000_1A_FR_BUR$70$8INS$914109$aORPH$bORPH$cKTS0$d2020-07-08$eKoopman$oINS3.1a FR.BUR$p20130399$r2021-01-12 00:00:00$w2021-01-12$yBOO
=999  \\$d14135

