=LDR  00988aam a2200205   4500
=001  14145
=005  20250120120035.0
=008  180925s1963\\\\\\\\\\\\\\\\\\\\\\0\d
=020  \\$a3795900728
=041  \\$ager
=100  \\$4aut$aFrotscher, Gotthold$916132
=245  \\$aAufführungspraxis alter Musik
=260  \\$aWilhelmshaven$bHeinrichshofen's Verlag$c1963
=300  \\$a176 pages
=490  \\$aTaschenbücher zur Musikwissenschaft$vBand 6
=520  \\$aAufführungspraxis alter Musik: Ein umfassendes Handbuch über die Musik vergangener Epochen für ihre Interpreten und Liebhaber mit über 150 Notenbeispielen
=942  \\$cBOO$2ddc
=952  \\$00$10$2ddc$40$6MTP_2_000000000000000_FROT$70$8MTP$97487$aORPH$bORPH$cKM12_1$d2020-07-08$eKoopman$i30F23$l0$oMTP2 FROT$p20123307$r2021-01-12 00:00:00$w2021-01-12$yBOO
=952  \\$00$10$2ddc$40$6MTP_2_000000000000000_FROT$70$8MTP$914119$aORPH$bORPH$cKM12_1$l0$oMTP2 FROT$p20134467$r2021-01-12 00:00:00$w2021-01-12$yBOO$d2020-07-08
=999  \\$c14145$d14145

