=LDR  00969aam a2200205   4500
=001  14146
=005  20250120120137.0
=008  190527s1931\\\\\\\\\\\\\\\\\\\\\\0\ger
=041  \\$ager
=100  \\$4aut$aSchering, Arnold$d1877-1941$1http://www.wikidata.org/entity/Q67576$97759
=245  \\$aAufführungspraxis alter Musik
=260  \\$aLeipzig$bQuelle & Meyer$c1931
=300  \\$a176 pages
=490  \\$aMusikpädagogische Bibliothek$v10
=650  \0$aHistorically informed performance$1http://www.wikidata.org/entity/Q1344860$920980
=650  \0$aEarly music$1http://www.wikidata.org/entity/Q436016$93160
=942  \\$cBOO
=952  \\$00$10$2ddc$40$6MTP_2_000000000000000_SCHE$70$8MTP$910850$aORPH$bORPH$cKM12_1$d2020-07-08$eKoopman$i21F05$l0$oMTP2 SCHE$p20125503$r2021-01-12 00:00:00$w2021-01-12$yBOO
=952  \\$00$10$2ddc$40$6MTP_2_000000000000000_SCHE$70$8MTP$914120$aORPH$bORPH$cKM12_1$d2020-07-08$l0$oMTP2 SCHE$p20135549$r2021-01-12 00:00:00$w2021-01-12$yBOO
=999  \\$d14146

