=LDR  02511aam a2200241   4500
=001  14147
=005  20250925143301.0
=008  190819s1931\\\\\\\g\\\\\\\\\\\\\\0\ger\d
=041  \\$ager
=100  \\$aHaas, Robert$d1886-1960$4aut$1http://www.wikidata.org/entity/Q85658$916133
=245  \\$aAufführungspraxis der Musik
=250  \\$a1st ed.
=260  \\$aPotsdam$bAthenaion$c1931
=300  \\$a298 pages
=490  \\$aHandbuch der Musikwissenschaft
=520  \\$aDas Verhältnis zwischen schaffendem und ausführendem Künstler hat sich im Ablauf der Geschichte gründlich geändert. Dieses Verhältnis betrifft ja einen wesenhaften Zug der musikalischen Verständigung überhaupt, indem eben zwischen Kunstwerk und Publikum eine selbständige und selbstbewußte Vermittlung notwendig ist; in der bildenden Kunst fehlt bekanntlich ein solches Mittelglied ganz, während es in der Dichtung auf viel engere Grenzen, nämlich auf das Theater, eingeschränkt ist. In unserem heutigen Musikbetrieb ist das Bereich, wo der Komponist mit dem musizierenden oder lesend genießenden Kunstfreund allein ist, ein ganz kleiner, fast stets ist ein ausübender Künstler, meist eine Mehrzahl solcher, dazwischen geschaltet. Dabei liegen den Aufführungen jeglicher Art heute in der Niederschrift sorgfältig ausgearbeitete Angaben der Komponisten oder ihrer Herausgeber und Bearbeiter zugrunde, wodurch die Bewegungsfreiheit der wiedergebenden Künstler stark eingeengt erscheint. Wenngleich die weitgehende schriftliche Festlegung der Absichten des Autors immerhin beim Umsetzen der toten Zeichensprache in die lebendige, tönende Wirklichkeit der letzten künstlerischen Ergänzung durch die Persönlichkeit des Reproduzierenden bedarf, so ist doch ein unabhängiges, mit eigenen Zutaten der Beteiligten frei vervollständigendes Musikmachen so gut wie ganz abgekommen.
Dem war aber nicht immer so.
=648  \0$a20th Century (1901-2000)$1http://www.wikidata.org/entity/Q6927$920936
=650  \0$aHistorically informed performance$1http://www.wikidata.org/entity/Q1344860$920980
=651  \0$aGermany$1http://www.wikidata.org/entity/Q183$9155
=942  \\$cBOO
=952  \\$00$10$2ddc$40$6MTP_2_000000000000000_HAAS$70$8MTP$97848$aORPH$bORPH$cKM12_1$d2020-07-08$eKoopman$i19A06$l1$oMTP2 HAAS$p20125171$r2023-02-06 00:00:00$s2023-01-10$w2021-01-12$yBOO
=952  \\$00$10$2ddc$40$6MTP_2_000000000000000_HAAS$70$8MTP$914121$aORPH$bORPH$cKM12_1$d2020-07-08$l0$oMTP2 HAAS$p20135531$r2021-01-12 00:00:00$w2021-01-12$yBOO
=999  \\$d14147

