=LDR  02768aam a2200265   4500
=001  14175
=003  OSt
=005  20250926134857.0
=008  111114s2004\\\\\\\\\\\\\\\\\\\\\\0\eng
=020  \\$a9781580461351
=040  \\$cBF
=041  \\$aeng
=100  \\$aSpeerstra, Joel$4aut$916162
=245  \\$aBach and the Pedal Clavichord:$bAn Organist's Guide
=260  \\$aRochester, NY$bUniversity of Rochester Press$aWoodbridge$bBoydell & Brewer$c2004
=300  \\$a205 pages
=490  \\$aEastman Studies in Music
=520  \\$aFriederich Griepenkerl, in his 1844 introduction to Volume 1 of the first complete edition of J. S. Bach's organ works, wrote: "Actually the six Sonatas and the Passacaglia were written for a clavichord with two manuals and pedal, an instrument that, in those days, every beginning organist possessed, which they used beforehand, to practice playing with hands and feet in order to make effective use of them at the organ. It would be a good thing to let such instruments be made again, because actually no one who wants to study to be an organist can really do without one."

What was the role of the pedal clavichord in music history? Was it a cheap practice instrument for organists or was Griepenkerl right? Was it a teaching tool that helped contribute to the quality of organ playing in its golden age? Most twentieth-century commentary on the pedal clavichord as an historical phenomenon was written in a kind of vacuum, since there were no playable historical models with which to experiment and from which to make an informed judgment.

At the heart of Bach and the Pedal Clavichord: An Organist's Guide are some extraordinary recent experiments from the Göteborg Organ Art Center (GOArt) at Göteborg University. The Johan David Gerstenberg pedal clavichord from 1766, now in the Leipzig University museum, was documented and reconstructed; the new copy was then used for several years as a living instrument for organ students and teachers to experience. On the basis of these experiments and experiences, the book explores, in new and artful ways, Bach's keyboard technique, a technique preserved by his first biographer, J. N. Forkel (1802), and by Forkel's own student, Griepenkerl.
=600  \0$aBach, Johann Sebastian$d1685-1750$1http://www.wikidata.org/entity/Q1339$94766
=600  \0$aGriepenkerl, Friedrich Conrad$d1782-1849$1http://www.wikidata.org/entity/Q1460491$95363
=648  \0$a18th Century (1701-1800)$1http://www.wikidata.org/entity/Q7015$920899
=650  \0$aOrganology$1http://www.wikidata.org/entity/Q899293$921400
=942  \\$cBOO
=952  \\$00$10$2ddc$40$6BIO_BACH1_E$70$8BIO$914149$aORPH$bORPH$cKTS1_P$eKoopman$i35B26$l0$oBIO BACH1 e$p20120769$r2021-01-12 00:00:00$w2021-01-12$yBOO$d2020-07-08
=999  \\$d14175

