=LDR  02357aam a2200277   4500
=001  14176
=005  20250926134857.0
=008  120104s1990\\\\\\\\\\\\\\\\\\\\\\0\e
=020  \\$a9780521372398
=041  \\$aeng
=100  \\$aButt, John$d1960-$4aut$916163
=245  \\$aBach Interpretation:$bArticulation Marks in Primary Sources of J. S. Bach
=260  \\$aCambridge$bCambridge University Press$c1990
=300  \\$axiii-278 pages$bill. ;$c24 cm.
=504  \\$aIncludes bibliographical references (p. 266-271) and indexes.
=520  \\$aThis study is a comprehensive assessment of J. S. Bach's use of articulation marks (i.e. slurs and dots) in the large body of primary sources. Dr Butt analyses the role of such markings within the compositional process, how they relate to the norms of articulation of the period, and how they might assist us in a deeper understanding and evaluation of Bach's style. With its extensive catalogue of the most common slurring patterns based on a study of over 100 concerted vocal works, this book is invaluable both for performers on all baroque instruments, and for scholars with an interest in Bach's style and source studies. It also contributes to our perception of Bach's position in music history: the purpose of music in the Lutheran Germany of Bach's time and its rhetorical power; the close relationship between composer and performer within the context of 'practical' music; and the functions and development of notation.
Show More 
Show Less 

=600  \0$aBach, Johann Sebastian$d1685-1750$1http://www.wikidata.org/entity/Q1339$94766
=648  \0$a18th Century (1701-1800)$1http://www.wikidata.org/entity/Q7015$920899
=650  \0$aHistorically informed performance$1http://www.wikidata.org/entity/Q1344860$920980
=650  \0$aArticulation$1http://www.wikidata.org/entity/Q372923$922209
=856  \\$uhttp://www.loc.gov/catdir/description/cam023/89007141.html$3Publisher description
=856  \\$uhttp://www.loc.gov/catdir/toc/cam029/89007141.html$3Table of contents
=942  \\$cBOO
=952  \\$00$10$2ddc$40$6BIO_BACH1_E$70$8BIO$96417$aORPH$bORPH$cKTS1_P$d2020-07-08$eKoopman$i33F45$oBIO BACH1 e$p20120873$r2021-01-12 00:00:00$w2021-01-12$yBOO
=952  \\$00$10$2ddc$40$6BIO_BACH1_E$70$8BIO$914150$aORPH$bORPH$cKTS1_P$d2020-07-08$oBIO BACH1 e$p20126005$r2021-01-12 00:00:00$w2021-01-12$yBOO
=999  \\$d14176

