=LDR  04049aam a2200277   4500
=001  14271
=008  170117s1991\\\\nl\af\\\\\\\\\\\\\0\dut
=020  \\$a9020919105
=041  \\$adut
=100  \\$aLehr, André$4aut$916248
=245  \\$aBeiaardkunst in de Lage Landen
=260  \\$aTielt$bLannoo$c1991
=300  \\$a319 pages
=520  \\$aIn dit boek wordt verteld hoe de klok na haar ontstaan in Oost en West gedurende de Europese middeleeuwen een eerste hoogtepunt als luidklok bereikte. Op luidklokken werd bovendien gebeierd, dat wil zeggen met klepels een ritmisch klankspel gegeven. Het vormde het' begin van wat nu de handbespeelde beiaard is. 
In de tweede helft van de 14de eeuw werden overal torenuurwerken geïnstalleerd. Met behulp daarvan werden niet alleen de uurslagen gegeven, maar ook langs automatische weg een melodie op enkele klokjes gespeeld. Dit vormde de basis voor wat later de rammel zou zijn. 
Deze ontwikkeling voltrok zich in Vlaanderen waarmee deze omstreeks 1500 de bakermat zou worden van de hedendaagse beiaardkunst. Het mag dan ook niet verbazen dat sindsdien in Mechelen talloze beiaarden werden gegoten. Maar helaas waren die klokkenspellen nog erg onzuiver, wat overigens niet wegnam dat elke stad zich beijverde om zo'n beiaard te verwerven. 
Omstreeks 1645 werd in Nederland ontdekt hoe een zuiver klinkende klok gemaakt moet worden. Het waren Francois en Pieter Hemony die deze kunst bij uitstek zouden beheersen. Aanvankelijk woonden zij te Zutphen, doch in 1657 vertrok Francois naar Amsterdam en Pieter naar Gent. 
Nadat enkele leerlingen van de Hemony's met wisselend succes beiaarden hadden gegoten, verdween na 1734 die kunst voorlopig uit Holland. De fakkel werd weer door Vlaanderen overgenomen en waren het klokkengieters uit Antwerpen, Brugge en Leuven die beiaarden goten
Nadat in de Franse tijd talloze klokken en beiaarden van kerken en kloosters gevorderd waren, zou vervolgens in de 19de eeuw het klokkenspel steeds minder belangstelling trekken, in het bijzonder in de Noordelijke Nederlanden. Oorzaak was onder meer het veranderde muziekleven. Bovendien was de beiaard nog steeds een eenvoudig slaginstrument, waarop de 19de-eeuwse muziek moeilijk was uit te voeren. Daarin echter kwam verandering toen Jef Denijn uit Mechelen in 1892 enkele ingrijpende verbeteringen aan de beiaard doorvoerde. 
Helaas waren toen de Vlaamse en Hollandse gieters niet in staat om een goed klinkende beiaard te vervaardigen. Daarin kwam pas verandering toen Michiels uit Doornik in 1929 een goed gestemd spel voor Grimbergen leverde. Ook de Nederlandse gieters zouden toen spoedig volgen. 
Deze opgaande lijn werd abrupt afgesneden door de Duitse klokkenvordering in 1942/43, Na de oorlog bleek in België en Nederland de helft van de klokken verloren te zijn. Maar het zette tevens een periode in met een waarlijk explosieve groei van nieuwe beiaarden. Daarbij bleef Mechelen, waar in 1922 een school door Denijn was gesticht, een wereldcentrum van beiaardcultuur. Maar ook in Nederland zouden soortgelijke ontwikkelingen plaatsvinden. Zonder de minste overdrijving mag men daarom stellen dat België en Nederland nog altijd de beiaardcultuur van de wereld bepalen.
=648  \0$aPast$1http://www.wikidata.org/entity/Q192630$922196
=650  \0$aMusic history$1http://www.wikidata.org/entity/Q846047$921373
=650  \0$aOrganology$1http://www.wikidata.org/entity/Q899293$921400
=650  \0$aCarillon$1http://www.wikidata.org/entity/Q505174$94152
=650  \0$aBell$1http://www.wikidata.org/entity/Q101401$922519
=651  \0$aNetherlands$1http://www.wikidata.org/entity/Q55$9173
=651  \0$aFlanders (Belgium)$1http://www.wikidata.org/entity/Q234$989
=700  \\$4ctb$926403$aTruyen, Wim$d1958-
=700  \\$1http://www.wikidata.org/entity/Q64706420$4ctb$aHuybens, Gilbert$d1949-$920629
=942  \\$cBOO
=952  \\$00$10$2ddc$40$6INS_10_000000000000000_3A_NL$70$8INS$914248$aORPH$bORPH$cKTS0$d2020-07-08$eKoopman$g25.00$i20G38$oINS10.3a NL$p20128150$r2021-01-12 00:00:00$w2021-01-12$yBOO
=999  \\$d14271

