=LDR  16453aac a2203013   4500
=001  14363
=005  20251014101532.0
=008  180903i18691881\\\\\\\\\\\\\\\\\\0\dut\d
=041  \\$adut
=245  \\$aBouwsteenen$bJaarboek der Vereeniging voor Nederlandsche Muziekgeschiedenis$nvols. 1-3
=260  \\$aAmsterdam$bLoman, Kirberger & Van Kesteren$c1869-81
=300  \\$a4 vols. (xxivx-141+x-272+vi-122-37+x-202 pages)$e3 inserts
=648  \0$a19th Century (1801-1900)$1http://www.wikidata.org/entity/Q6955$920935
=650  \0$aMusic history$1http://www.wikidata.org/entity/Q846047$921373
=650  \0$aPeriodical$1http://www.wikidata.org/entity/Q1002697$921106
=653  \0$aAbbé Vogler$357$020123179$w16D28_01$928417
=653  \0$aad lib bezetting$324$020123179$w16D28_01$928466
=653  \0$aad lib bezetting$3159$020123177$w16D28_02$928466
=653  \0$aad lib bezetting$319, 49, 71, 111$020123176$w16D28_03$928466
=653  \0$aaffektentheorie$3216$020123177$w16D28_02$928504
=653  \0$aAlbicastro$33, 24, 35$020123176$w16D28_03$928563
=653  \0$aAlbinoni$324, 25, 29$020123176$w16D28_03$928564
=653  \0$abezetting (instr.)$349$020123179$w16D28_01$929525
=653  \0$abezetting (instr.)$3199-201$020123177$w16D28_02$929525
=653  \0$abezetting (instr.)$331, 70$020123176$w16D28_03$929525
=653  \0$abezetting (voc)$349, 75$020123179$w16D28_01$929528
=653  \0$abezetting (voc)$338, 70$020123176$w16D28_03$929528
=653  \0$aBiber, H.$324$020123176$w16D28_03$929543
=653  \0$aBan$348$020123176$w16D28_03$929059
=653  \0$aBan, A.$377-88$020123177$w16D28_02$929060
=653  \0$aBlankenburg, Q. van $35, 6, 93, 126, 129$020123179$w16D28_01$929619
=653  \0$ablokfluit$3126$020123179$w16D28_01$929645
=653  \0$ablokfluit$3200, 201$020123177$w16D28_02$929645
=653  \0$ablokfluit$351-57, 101, 117$020123176$w16D28_03$929645
=653  \0$abeiaard$365-69, 124, 125$020123179$w16D28_01$929377
=653  \0$abeiaard$3159, 163-178$020123177$w16D28_02$929377
=653  \0$abeiaard$352, 64-105$020123176$w16D28_03$929377
=653  \0$abespelen van meer instrumenten$333$020123179$w16D28_01$929496
=653  \0$aBuns, B.$3130$020123179$w16D28_01$930024
=653  \0$aBuns, B.$323, 26, 28, 29$020123176$w16D28_03$930024
=653  \0$aCaldara$36$020123179$w16D28_01$930129
=653  \0$aCaldara$328$020123176$w16D28_03$930129
=653  \0$aCamphuysen, D. $38, 9$020123179$w16D28_01$930166
=653  \0$aCazzati$326-28$020123176$w16D28_03$930333
=653  \0$acello $348 (?)$020123179$w16D28_01$930345
=653  \0$acello $34, 6$020123177$w16D28_02$930345
=653  \0$amuziekdrukkers$3180-183$020123177$w16D28_02$935072
=653  \0$aClemens non Papa$310-12, 24$020123179$w16D28_01$930541
=653  \0$amuziekuitgevers$3111$020123176$w16D28_03$935105
=653  \0$acollegium musicum$3115-116$020123179$w16D28_01$930595
=653  \0$acollegium musicum$3128$020123177$w16D28_02$930595
=653  \0$acollegium musicum$322-37$020123176$w16D28_03$930595
=653  \0$aNederlandse klavecimbels$310, 15, 79, 106$020123176$w16D28_03$935180
=653  \0$aNederlandse muziek_belangstelling in 19e eeuw$3vw$020123179$w16D28_01$935183
=653  \0$aNederlandse muziekdrukkers$379-91$020123179$w16D28_01$935184
=653  \0$aNoordt, S.v.$365, 97$020123179$w16D28_01$935266
=653  \0$aNoordt, S.v.$320$020123176$w16D28_03$935266
=653  \0$aNoordt, v.$363$020123179$w16D28_01$935267
=653  \0$aconcerten $31, 54$020123179$w16D28_01$930656
=653  \0$aconcerten $3123, 136, 138$020123177$w16D28_02$930656
=653  \0$aconcerten $329-37$020123176$w16D28_03$930656
=653  \0$acontinuo$3126-128$020123179$w16D28_01$930685
=653  \0$acontinuo$39, 194, 236$020123177$w16D28_02$930685
=653  \0$acontinuo$320$020123176$w16D28_03$930685
=653  \0$aCorelli$328, 30$020123176$w16D28_03$930735
=653  \0$aopera_Buiksloot$3112-114$020123179$w16D28_01$935428
=653  \0$aorganist$3136-138, 173, 174$020123177$w16D28_02$935454
=653  \0$aorganist$364-68$020123176$w16D28_03$935454
=653  \0$aorgel en beeldenstorm$370$020123179$w16D28_01$935473
=653  \0$aorgel in eredienst$3235$020123177$w16D28_02$935479
=653  \0$aorgel in eredienst$373, 74, 80$020123176$w16D28_03$935479
=653  \0$aorgel in middeleeuwen$360-62, 65$020123179$w16D28_01$935482
=653  \0$aorgel in middeleeuwen$34, 7, 8 etc., 189, 190, 211$020123177$w16D28_02$935482
=653  \0$aorgel in middeleeuwen$378, 84, 93-100, 121$020123176$w16D28_03$935482
=653  \0$aCuzzoni, F.$3186, 197$020123177$w16D28_02$930879
=653  \0$aorgelpijpen$3105$020123179$w16D28_01$935566
=653  \0$adansen $3118$020123176$w16D28_03$930929
=653  \0$aorgels$353-68, 70, 93, 105, 124$020123179$w16D28_01$935582
=653  \0$aorgels$3163-178$020123177$w16D28_02$935582
=653  \0$aorgels$34-10, 16, 68-105$020123176$w16D28_03$935582
=653  \0$aDeprez, J.$392$020123179$w16D28_01$931019
=653  \0$aoud-nieuw$321$020123179$w16D28_01$935651
=653  \0$aPadbrué$328-32$020123179$w16D28_01$935700
=653  \0$aPadbrué$3113$020123176$w16D28_03$935700
=653  \0$adoedelzak$3200, 203, 216$020123177$w16D28_02$931125
=653  \0$aDubos$3104$020123177$w16D28_02$931257
=653  \0$aemoties$321$020123179$w16D28_01$931445
=653  \0$aEngels-Nederlandse muziek$37$020123177$w16D28_02$931461
=653  \0$aEyck, J. van $351-57$020123176$w16D28_03$931574
=653  \0$afagot$3200$020123177$w16D28_02$931585
=653  \0$afagot$3117$020123176$w16D28_03$931585
=653  \0$afalset$3107$020123176$w16D28_03$931595
=653  \0$aFesch, W. de$3185$020123177$w16D28_02$931690
=653  \0$aFIscher, J.P.A.$389$020123176$w16D28_03$931731
=653  \0$aSpeuij, H.$3213 (?)$020123177$w16D28_02$936408
=653  \0$aSpeuij, H.$321$020123176$w16D28_03$936408
=653  \0$aStamitz$332$020123176$w16D28_03$936501
=653  \0$aFrans-Italiaans-Duits$3216$020123177$w16D28_02$931876
=653  \0$aFranse invloed in Nederland$3216$020123177$w16D28_02$931882
=653  \0$afrasering$375, 77$020123179$w16D28_01$931896
=653  \0$aFux$36$020123179$w16D28_01$931954
=653  \0$aSusato, T.$324$020123179$w16D28_01$936679
=653  \0$aSweelinck$3vi, vii, xv, xviii, xxi-xxiii, 11, 13, 14, 34, 36-47, 63, 64, 100, 101, 119-122, 128, 131$020123179$w16D28_01$936690
=653  \0$aSweelinck$3142-156, 235$020123177$w16D28_02$936690
=653  \0$aSweelinck$315, 59, 61, 62, 115$020123176$w16D28_03$936690
=653  \0$aTartini$325$020123176$w16D28_03$936748
=653  \0$agamba $316, 48, 126$020123179$w16D28_01$931996
=653  \0$agamba $3201, 236$020123177$w16D28_02$931996
=653  \0$agamba $320, 21, 115, 116$020123176$w16D28_03$931996
=653  \0$atekst$375, 77$020123179$w16D28_01$936775
=653  \0$atekst$381-84$020123177$w16D28_02$936775
=653  \0$aGeminiani$335, 112$020123176$w16D28_03$932109
=653  \0$aGeminiani, Fr.$3185, 197$020123177$w16D28_02$932110
=653  \0$atemperatuur$319$020123179$w16D28_01$936807
=653  \0$atempo$375-77$020123179$w16D28_01$936814
=653  \0$atempo $382$020123177$w16D28_02$936815
=653  \0$agitaar$390, 91, 200, 203$020123177$w16D28_02$932207
=653  \0$aTorelli$328, 29$020123176$w16D28_03$937033
=653  \0$aHacquart, C.$318, 132$020123179$w16D28_01$932500
=653  \0$aHacquart, fam.$314, 18, 24$020123176$w16D28_03$932502
=653  \0$atrombone$361$020123179$w16D28_01$937186
=653  \0$aharp$3203, 216$020123177$w16D28_02$932582
=653  \0$aharp$316, 33, 35$020123176$w16D28_03$932582
=653  \0$aValet, N.$3156, 157$020123177$w16D28_02$937325
=653  \0$aHauff, W.G.$357-59$020123176$w16D28_03$932618
=653  \0$aHess, H.H.$311$020123176$w16D28_03$932750
=653  \0$aHess, J.J.$3127$020123179$w16D28_01$932752
=653  \0$aHess, J.J.$370$020123176$w16D28_03$932752
=653  \0$ahobo$325, 32$020123176$w16D28_03$932805
=653  \0$aviola d'amore$3115$020123176$w16D28_03$937580
=653  \0$aVivaldi$324, 25, 30$020123176$w16D28_03$937654
=653  \0$aHurlebusch$395$020123179$w16D28_01$933017
=653  \0$aHurlebusch$3197, 198$020123177$w16D28_02$933017
=653  \0$aHurlebusch$318, 64, 112$020123176$w16D28_03$933017
=653  \0$aHuygens$395$020123179$w16D28_01$933031
=653  \0$aHuygens, fam.$319-21, 107, 108$020123179$w16D28_01$933037
=653  \0$ainventaris$3200-204$020123177$w16D28_02$933115
=653  \0$ainventaris$323-29, 35, 114-117$020123176$w16D28_03$933115
=653  \0$aItaliaanse invloed in Nederland$32, 34$020123179$w16D28_01$933149
=653  \0$aItaliaanse invloed in Nederland$3129, 130$020123177$w16D28_02$933149
=653  \0$aW. de Fesch$317, 18, 112$020123176$w16D28_03$937822
=653  \0$aWalther, J.$324$020123176$w16D28_03$937859
=653  \0$azangers$376, 77$020123179$w16D28_01$938095
=653  \0$aklavecimbel$348$020123179$w16D28_01$933450
=653  \0$aklavecimbel$3148, 149, 200, 201, 212$020123177$w16D28_02$933450
=653  \0$aklavecimbel $310, 15, 34$020123176$w16D28_03$933451
=653  \0$azink$3102$020123179$w16D28_01$938157
=653  \0$azink$3171, 200, 212$020123177$w16D28_02$938157
=653  \0$aklavecimbel_porcelein$348$020123179$w16D28_01$933508
=653  \0$aklavecimbelmuziek$36, 15, 134$020123179$w16D28_01$933541
=653  \0$aregaal$3200 (?)$020123177$w16D28_02$938302
=653  \0$aReincken, J.A.$340, 41, 98$020123179$w16D28_01$938351
=653  \0$aKoninck, S. de$318, 19$020123176$w16D28_03$933667
=653  \0$aKoning, S. de$3110-112$020123179$w16D28_01$933669
=653  \0$aKrieger$329$020123176$w16D28_03$933758
=653  \0$akromhoorn$3171 (??), 200$020123177$w16D28_02$933770
=653  \0$akwint/oktaafparallellen$319$020123179$w16D28_01$933824
=653  \0$aRossi, S.$3None$020123176$w16D28_03$938571
=653  \0$aRuckers$3148$020123177$w16D28_02$938619
=653  \0$aRuppe$3198, 239$020123177$w16D28_02$938643
=653  \0$aLeidse koorboeken$337-48$020123176$w16D28_03$934002
=653  \0$aLocatelli$396$020123179$w16D28_01$934167
=653  \0$aLocatelli, P.$3198$020123177$w16D28_02$934169
=653  \0$aScheidemann$363$020123179$w16D28_01$938817
=653  \0$aLöhnlein$3127$020123179$w16D28_01$934190
=653  \0$aSchenk, J.$399, 129$020123179$w16D28_01$938835
=653  \0$aSchenk, J.$320, 24, 28$020123176$w16D28_03$938835
=653  \0$aSchickhard, J.Chr.$37, 25, 29$020123176$w16D28_03$938851
=653  \0$aluit$3200$020123177$w16D28_02$934262
=653  \0$aLully$327, 28, 111$020123176$w16D28_03$934271
=653  \0$aSchuyt, C.$3128-140$020123177$w16D28_02$939013
=653  \0$aSchuyt, C.$3122$020123176$w16D28_03$939013
=653  \0$aLustig$325$020123176$w16D28_03$934288
=653  \0$aLustig, W.$3xvi, 127, 128$020123179$w16D28_01$934292
=653  \\$aAnders, H.$3111$020123179$w16D28_01$928686
=653  \\$aAnders, H.$34$020123177$w16D28_02$928686
=653  \\$aAnders, H.$329, 111, 113$020123176$w16D28_03$928686
=653  \\$aBarre, fam. de la $34$020123176$w16D28_03$929102
=653  \\$aBassani$324, 26-28$020123176$w16D28_03$929145
=653  \\$aBorchgrevinck, M.$38$020123179$w16D28_01$929777
=653  \\$aBoscoop, C.$348, 49$929807$020123176$w16D28_03
=653  \\$aBoyvin$3128$020123179$w16D28_01$929869
=653  \\$aBronnemüller$349, 111$020123176$w16D28_03$929955
=653  \\$aBustijn, P.$38$020123179$w16D28_01$930071
=653  \\$aCeciliaconcert Arnhem$329-37$930339$020123176$w16D28_03
=653  \\$aDerosier, N.$390, 91$020123177$w16D28_02$931021
=653  \\$aDix, J.$313$020123177$w16D28_02$931120
=653  \\$aDix, J.$356$020123176$w16D28_03$931120
=653  \\$aDusart, J.$313, 65$020123179$w16D28_01$931328
=653  \\$aEgyptische muziekpyramide$3116$020123179$w16D28_01$931400
=653  \\$aEngelse invloed in Nederland$364$020123179$w16D28_01$931468
=653  \\$ageuzeliederen$3216-229$020123177$w16D28_02$932166
=653  \\$aGroneman, I.$36, 18, 31, 32, 65$020123176$w16D28_03$932412
=653  \\$aGroneman, J.A.$36, 18, 31, 32, 65$020123176$w16D28_03$932413
=653  \\$aHavingha, A.$318$932633$020123176$w16D28_03
=653  \\$aHellendaal, P.$318, 19$020123179$w16D28_01$932691
=653  \\$aHellendaal, P.$3197$020123177$w16D28_02$932691
=653  \\$aHellendaal, P.$38, 112$020123176$w16D28_03$932691
=653  \\$aHelmbreker, C.$313, 19, 63, 65$020123179$w16D28_01$932696
=653  \\$aHelmbreker, C.$382$020123176$w16D28_03$932696
=653  \\$aHemony$366, 67$020123179$w16D28_01$932702
=653  \\$aHinsch$359, 60$020123179$w16D28_01$932791
=653  \\$aHove, J.v.$359, 60$020123176$w16D28_03$932964
=653  \\$aklavecimbelhoes$3149$020123177$w16D28_02$933535
=653  \\$aklavier methodes$3126-128$933596$020123179$w16D28_01
=653  \\$aLeenhouwer, Abraham$310$020123176$w16D28_03$933978
=653  \\$aLegrenzi$328$933989$020123176$w16D28_03
=653  \\$aLeiden_bibliotheek inventaris muziek$3111-113$020123176$w16D28_03$934001
=653  \\$aLiberti$396$020123179$w16D28_01$934088
=653  \\$aLocatelli, fam$325, 27, 35, 112$020123176$w16D28_03$934168
=653  \\$aLodesteyn$3130$020123179$w16D28_01$934177
=653  \\$aMahaut$3198$020123177$w16D28_02$934364
=653  \\$aMahaut$319, 35, 112, 113$020123176$w16D28_03$934364
=653  \\$amusica flexanima$348$020123176$w16D28_03$934971
=653  \\$aNederland_interesse muziek 17e eeuw$35$020123179$w16D28_01$935169
=653  \\$aNederland_interesse muziek 18e eeuw$36, 16, 17$020123179$w16D28_01$935170
=653  \\$aNederlandse componisten$31-53$020123179$w16D28_01$935175
=653  \\$aNiehoff, H.$3212$935234$020123177$w16D28_02
=653  \\$aNoordt, J.v.$315, 101$020123176$w16D28_03$935265
=653  \\$aNozeman, J.$397$020123179$w16D28_01$935299
=653  \\$aNozeman, J.$320, 117$020123176$w16D28_03$935299
=653  \\$aorgel staand horloge/musicaal horlogie$3117$020123179$w16D28_01$935489
=653  \\$aorgel-klavecimbelbouwer$3164$020123177$w16D28_02$935530
=653  \\$aPers, P.$315$020123176$w16D28_03$935869
=653  \\$aPhilips, P. $360$020123176$w16D28_03$935931
=653  \\$aRosenmüller$329$020123176$w16D28_03$938558
=653  \\$aRosier, fam.$316, 23, 111$020123176$w16D28_03$938565
=653  \\$aruispijp$3191$020123177$w16D28_02$938637
=653  \\$aSchmetzer, Georg$323, 24$020123176$w16D28_03$938889
=653  \\$aSchol, D.$399, 100$020123179$w16D28_01$938925
=653  \\$aSchol, D.$320, 22, 35$020123176$w16D28_03$938925
=653  \\$aSchol, fam$399, 100$020123179$w16D28_01$938926
=653  \\$aSelhof Den Haag catalogus 1759$3114 etc.$020123176$w16D28_03$939046
=653  \\$aSnep, J.$3117$020123176$w16D28_03$939209
=653  \\$aSusato$397, 98$020123177$w16D28_02$936677
=653  \\$aTollius, J.$362$020123176$w16D28_03$937001
=653  \\$aTurini$325$020123176$w16D28_03$937223
=653  \\$aUccelini$326$020123176$w16D28_03$937266
=653  \\$aUtrecht_Nicolaikerk$393-100$020123176$w16D28_03$937308
=653  \\$aVeldcamp, A.E.$336$020123176$w16D28_03$937376
=653  \\$aVerschuere Reynvaan, J. $3119-125$020123177$w16D28_02$937480
=653  \\$aVerschuere Reyvaen, J.$351, 131$020123179$w16D28_01$937481
=653  \\$aVitali$324, 28$020123176$w16D28_03$937642
=653  \\$aVois, P. de$363$020123179$w16D28_01$937708
=653  \\$aVois, P. de$33$020123176$w16D28_03$937708
=653  \\$aVois, P.A. de$3168, 170$020123177$w16D28_02$937709
=653  \\$aWijnen, R.$3179$020123177$w16D28_02$937963
=700  \\$4edt$aHeije, Jan Pieter$d1809-1876$1http://www.wikidata.org/entity/Q739242$94846
=700  \\$4edt$aRogge, H. C.$916338
=942  \\$cBOO
=952  \\$00$10$2ddc$3Derde jaarboek$40$6KTS_1_000000000000000_C1_21_16D28_03$70$8RAR$914341$aORPH$bORPH$cKTS1_C1$d2020-07-08$eKoopman$l0$oKTS1 C1.21 16D28_03$p20123176$r2021-01-12 00:00:00$w2021-01-12$yBOO
=952  \\$00$10$2ddc$3Eerste jaarboek$40$6KTS_1_000000000000000_C1_21_16D28_01$70$8RAR$914342$aORPH$bORPH$cKTS1_C1$d2020-07-08$eKoopman$l0$oKTS1 C1.21 16D28_01$p20123179$r2021-01-12 00:00:00$w2021-01-12$yBOO
=952  \\$00$10$2ddc$3Tweede jaarboek$40$6KTS_1_000000000000000_C1_21_16D28_02$70$8RAR$914343$aORPH$bORPH$cKTS1_C1$d2020-07-08$eKoopman$l0$oKTS1 C1.21 16D28_02$p20123177$r2021-01-12 00:00:00$w2021-01-12$yBOO
=999  \\$d14363

