=LDR  00692aam a2200169   4500
=001  14366
=008  201116s1984\\\\nl\a\\\\\\\\\\\\\\0\dut\d
=041  \\$adut
=110  \\$4edt$926600$aHet Noordbrabants Genootschap
=245  \\$aBrabantse orgelagenda 15
=260  \\$a's-Hertogenbosch$bHet Noordbrabantse genootschap$c1984
=300  \\$a16 pages
=650  \0$1http://www.wikidata.org/entity/Q1444$aOrgan$92810
=651  \0$1http://www.wikidata.org/entity/Q1101$aNorth Brabant (Netherlands)$924978
=942  \\$cBOO
=952  \\$00$10$2ddc$40$6INS_3_000000000000000_1A_NL_BRA$70$8INS$914344$aORPH$bORPH$cKTS0$d2020-07-08$eKoopman$l0$oINS3.1a NL.BRA$p20130420$r2021-01-12 00:00:00$w2021-01-12$yBOO
=999  \\$d14366

