=LDR  01201aam a2200241   4500
=001  14426
=008  201116s1975\\\\nl\f\\\\\\\\\\\\\\0\dut
=041  \\$adut
=100  \\$aZwart, Jan van der$4aut$916423
=245  \\$aHet carillon van Schoonhoven: een onderzoek naar de historie van de stadhuisklokken
=260  \\$aSchoonhoven$bHistorische vereniging Schoonhoven$c1975
=300  \\$a61
=648  \0$a16th Century (1501-1600)$1http://www.wikidata.org/entity/Q7017$920944
=648  \0$a17th Century (1601-1700)$1http://www.wikidata.org/entity/Q7016$920923
=648  \0$a18th Century (1701-1800)$1http://www.wikidata.org/entity/Q7015$920899
=648  \0$a19th Century (1801-1900)$1http://www.wikidata.org/entity/Q6955$920935
=650  \0$aBell$1http://www.wikidata.org/entity/Q101401$922519
=650  \0$aClock$1http://www.wikidata.org/entity/Q376$92132
=650  \0$aCarillon$1http://www.wikidata.org/entity/Q505174$94152
=651  \0$aNetherlands$1http://www.wikidata.org/entity/Q55$9173
=942  \\$cBOO
=952  \\$00$10$2ddc$40$6INS_10_000000000000000_3A_NL_SCH4$70$8INS$914406$aORPH$bORPH$cKTS0$d2020-07-08$eKoopman$i28E25$oINS10.3a NL.SCH4$p20130447$r2021-01-12 00:00:00$w2021-01-12$yBOO
=999  \\$d14426

