=LDR  00969aam a2200229   4500
=001  14442
=005  20251003085459.0
=008  220506s1974\\\\sp\fo|||\||||\00|\0\spa\d
=041  \\$aspa
=100  \\$4aut$aVarious$94793
=245  \\$aCatalogo de partituras para instrumentos de Tecla.$bOrgano sin pedal, Clavicordio, Clavicembalo
=260  \\$aZaragoza$bDe Graaf - Musicalia$c1974
=300  \\$a40 pages
=336  \\$aprinted
=650  \0$aOrgan$1http://www.wikidata.org/entity/Q1444$92810
=650  \0$aOrgan music$1http://www.wikidata.org/entity/Q2003283$91951
=650  \0$aCatalogue$1http://www.wikidata.org/entity/Q2352616$921484
=650  \0$aClavichord$1http://www.wikidata.org/entity/Q191823$92126
=651  \0$aSpain$1http://www.wikidata.org/entity/Q29$920983
=942  \\$cBOO
=952  \\$00$10$2ddc$40$6INS_3_000000000000000_1A_ES$70$8INS$914422$aORPH$bORPH$cKTS0$d2020-07-08$eKoopman$i28E26$oINS3.1a ES$p20130387$r2021-01-12 00:00:00$w2021-01-12$yBOO
=999  \\$d14442

