=LDR  01222aam a2200253   4500
=001  14449
=005  20250120120158.0
=008  140626s1931\\\\\\\\\\\\\\\\\\\\\\0bfre
=041  \\$afre
=100  \\$aPrunières, Henry$d1886-1942$4aut$1http://www.wikidata.org/entity/Q3133019$916453
=245  \\$aCavalli et l'opéra vénitien au XVIIe siècle
=260  \\$aParis$bRieder$c1931
=300  \\$a120 pages
=490  \\$aMaîtres de la musique ancienne et moderne$v8
=500  \\$aTon Koopman's copy has a loose cover
=600  \0$aCavalli, Francesco$d1602-1676$1http://www.wikidata.org/entity/Q108062$911153
=648  \0$a17th Century (1601-1700)$1http://www.wikidata.org/entity/Q7016$920923
=650  \0$aComposer$1http://www.wikidata.org/entity/Q36834$93625
=650  \0$aOpera$1http://www.wikidata.org/entity/Q1344$92468
=651  \0$aVenice (Italy)$1http://www.wikidata.org/entity/Q641$91
=942  \\$cBOO
=952  \\$00$10$2ddc$40$6BIO_CAVA_D$70$8BIO$910253$aORPH$bORPH$cKTS1_P$d2020-07-08$eKoopman$i32D02$oBIO CAVA d$p20123142$r2021-01-12 00:00:00$w2021-01-12$yBOO
=952  \\$00$10$2ddc$40$6BIO_CAVA_D$70$8BIO$914429$aORPH$bORPH$cKTS1_P$d2020-07-08$oBIO CAVA d$p20129626$r2021-01-12 00:00:00$w2021-01-12$yBOO
=999  \\$d14449

