=LDR  00827aam a2200181   4500
=001  14493
=008  201111s2012\\\\nl\f\\\\\\\\\\\\\\0\dut\d
=245  \\$aHet charmante Bakker & Timmenga-orgel van It Heidenskip
=260  \\$aElburg$bStichting tot behoud van het Nederlandse Orgel$c2012
=300  \\$a 19 pages
=650  \0$aOrgan$1http://www.wikidata.org/entity/Q1444$92810
=650  \0$aOrganology$1http://www.wikidata.org/entity/Q899293$921400
=651  \0$aIt Heidenskip (Netherlands)$1http://www.wikidata.org/entity/Q1955325$925286
=700  \\$4edt$aTwijnstra, G.$914493
=700  \\$4edt$aWassenaar, J. D. Th.$915412
=942  \\$cBOO
=952  \\$00$10$2ddc$40$6INS_3_000000000000000_1E_NL_HEI$70$8INS$914474$aORPH$bORPH$cKTS0$d2020-07-08$eKoopman$i42G26$l0$oINS3.1e NL.HEI$p20130368$r2021-01-12 00:00:00$w2021-01-12$yBOO
=999  \\$d14493

