=LDR  01368aam a2200277   4500
=001  14516
=005  20250922145232.0
=008  201111s1985\\\\\\\oa\\\\\\\\\\\\\0\eng\d
=041  \\$aeng
=100  \\$aMartin, Anthony James$4aut$916509
=245  \\$aThe church of Saint Michael Framlingham
=250  \\$a3rd edition
=260  \\$as.l.$bA.J. Martin$c1985
=300  \\$a19 pages$e2 postcards
=500  \\$afirst published in 1978
=500  \\$aChurch has an organ originally built in 1674 by Thamar of Peterborough for Pembroke College, and has survived the destructions of history and the changing fashions in design.
=610  \0$a Church of St Michael the Archangel, Framlingham (United Kingdom)$1http://www.wikidata.org/entity/Q5117639$941315
=650  \0$aChurch$1http://www.wikidata.org/entity/Q16970$93776
=650  \0$aApplied arts$1http://www.wikidata.org/entity/Q2865882$921627
=650  \0$aInterior design$1http://www.wikidata.org/entity/Q179232$921367
=650  \0$aOrgan$1http://www.wikidata.org/entity/Q1444$92810
=650  \0$aArchitecture$1http://www.wikidata.org/entity/Q12271$93185
=651  \0$aFramlingham (Suffolk)$1http://www.wikidata.org/entity/Q616587$941314
=942  \\$cBOO
=952  \\$00$10$2ddc$40$6TOP_GB_FRA$70$8TOP$914497$aORPH$bORPH$cKTS0$eKoopman$l0$oTOP GB.FRA$p20130409$r2021-01-12 00:00:00$w2021-01-12$yBOO$d2020-07-08
=999  \\$d14516

