=LDR  02062aam a2200253   4500
=001  14534
=005  20250121142131.0
=008  120104s1999\\\\\\\gh\\\\\\\\\\\\\0\eng\d
=020  \\$a9780198161653
=041  \\$aeng
=100  \\$aBrown, Clive$d1947-$4aut$99936
=245  \\$aClassical & Romantic Performing practice 1750-1900
=260  \\$aOxford$bOxford University Press$c1999
=300  \\$a662 pages
=500  \\$aWith a foreword by Sir Roger Norrington
=520  \\$aThe past ten years have seen a rapidly growing interest in performing and recording Classical and Romantic music with period instruments; yet the relationship of composers' notation to performing practices during that period has received only sporadic attention from scholars, and many aspects of composers' intentions have remained uncertain. Brown here identifies areas in which musical notation conveyed rather different messages to the musicians for whom it was written than it does to modern performers, and seeks to look beyond the notation to understand how composers might have expected to hear their music realized in performance. There is ample evidence to demonstrate that, in many respects, the sound worlds in which Mozart, Beethoven, Wagner, and Brahms created their music were more radically different from ours than is generally assumed.

=648  \0$a18th Century (1701-1800)$1http://www.wikidata.org/entity/Q7015$920899
=648  \0$a19th Century (1801-1900)$1http://www.wikidata.org/entity/Q6955$920935
=650  \0$aHistorically informed performance$1http://www.wikidata.org/entity/Q1344860$920980
=700  \\$4win$aNorrington, Roger$d-1934$1http://www.wikidata.org/entity/Q537083$924255
=942  \\$cBOO
=952  \\$00$10$2ddc$40$6MTP_2_000000000000000_BROW1$70$8MTP$96308$aORPH$bORPH$cKM12_1$d2020-07-08$eKoopman$i31E18$l1$oMTP2 BROW1$p20123213$r2022-05-23 00:00:00$s2022-05-19$w2021-01-12$yBOO
=952  \\$00$10$2ddc$40$6MTP_2_000000000000000_BROW1$70$8MTP$914516$aORPH$bORPH$cKM12_1$d2020-07-08$oMTP2 BROW1$p20134445$r2021-01-12 00:00:00$w2021-01-12$yBOO
=999  \\$d14534

