=LDR  03592aam a2200397   4500
=001  14599
=005  20250926135309.0
=008  120213s1994\\\\\\\\\\\\\\\\\\\\\\0\eng
=020  \\$a9780674155237
=041  \\$aeng
=100  \\$aLester, Joel$4aut$915896
=245  \\$aCompositional Theory in the Eighteenth Century
=260  \\$aCambridge, MA$bHarvard University Press$c1994
=300  \\$a355 pages
=520  \\$aThis ambitious study offers a panoramic survey of musical thought in the eighteenth century and, at the same time, a close analysis of the important theoretical topics of the period. The result is the most comprehensive account ever given of the theory behind the music of late Baroque and early Classical composers from Bach to Beethoven.

While giving preeminent theorists their due, Joel Lester also examines the works of over one hundred eighteenth- and seventeenth-century writers to show how prominent theories were received and applied in actual teaching situations. Beginning with the influence of Zarlino and seventeenth-century theorists, Lester goes on to focus on central traditions emerging from definitive works in the early eighteenth century: species counterpoint in the writings of Fux; thoroughbass as presented by Niedt and Heinichen Rameau's harmonic theories; and Mattheson's views on melodic structure. The author traces the development and interactions of these traditions over the remainder of the century, through the writings of Albrechtsberger, C. P. E. Bach, Kirnberger, Koch, Marpurg, Martini, Nichelmann, Riepel, and many others. This historical overview is leavened throughout with accounts of individual composers grappling with theoretical issues--Haydn's careful study of Fux's treatise, Mozart's instructions on harmony to his composition students, Beethoven's own student...
=600  \0$aZarlino, Gioseffo$d1517-1590$1http://www.wikidata.org/entity/Q365805$916065
=600  \0$aFux, Johann Joseph$d1660-1741$1http://www.wikidata.org/entity/Q311378$910900
=600  \0$aHeinichen, Johann David$d1683-1729$1http://www.wikidata.org/entity/Q506627$95215
=600  \0$aRameau, Jean-Philippe$d1683-1764$1http://www.wikidata.org/entity/Q1145$94787
=600  \0$aMattheson, Johann$d1681-1764$1http://www.wikidata.org/entity/Q170333$95222
=600  \0$aAlbrechtsberger, Johann Georg$d1736-1809$1http://www.wikidata.org/entity/Q314164$95150
=600  \0$aBach, Carl Philipp Emanuel$d1714-1788$1http://www.wikidata.org/entity/Q76428$99218
=600  \0$aKirnberger, Johann Philipp$d1721-1783$1http://www.wikidata.org/entity/Q505543$95305
=600  \0$aMarpurg, Friedrich Wilhelm$d1718-1795$1http://www.wikidata.org/entity/Q548897$94794
=600  \0$aNichelmann, Christoph$d1717-1762$1http://www.wikidata.org/entity/Q87989$96524
=600  \0$aMartini, Giovanni Battista$d1706-1784$1http://www.wikidata.org/entity/Q283651$95397
=600  \0$aMozart, Wolfgang Amadeus$d1756-1791$1http://www.wikidata.org/entity/Q254$95341
=600  \0$aBeethoven, Ludwig van$d1770-1827$1http://www.wikidata.org/entity/Q255$95335
=648  \0$a18th Century (1701-1800)$1http://www.wikidata.org/entity/Q7015$920899
=650  \0$aComposing$1http://www.wikidata.org/entity/Q92186587$93076
=650  \0$aBasso continuo$1http://www.wikidata.org/entity/Q724321$921065
=650  \0$aMusic theory$1http://www.wikidata.org/entity/Q193544$92662
=650  \0$aEducation$926206
=942  \\$cBOO
=952  \\$00$10$2ddc$40$6GHM_5_000000000000000$70$8GHM$914582$aORPH$bORPH$cKM12_1$d2020-07-08$eKoopman$oGHM5$p20134957$r2021-01-12 00:00:00$w2021-01-12$yBOO
=999  \\$d14599

