=LDR  02551aam a2200253   4500
=001  14654
=005  20250820153550.0
=008  111114s2010\\\\\\\\\\\\\\\\\\\\\\0\eng
=020  \\$a9781580463614
=041  \\$aeng
=100  \\$aRogers, Patrick J.$4aut$916663
=245  \\$aContinuo Realization in Handel's Vocal Music
=260  \\$aRochester$bBoydell & Brewer$c2010
=300  \\$a286 pages
=490  \\$aStudies in Music$v104
=520  \\$aThis pioneering study examines aspects of figured bass notation and continuo realization in the High Baroque, especially with respect to the operas and oratorios of G. F. Handel. Contemporary treatises, Handel's manuscripts, original performance material, and other early sources provide clarification and guidance for the modern performer.

Part one is an overview of figured bass in Handel source materials: autograph manuscripts, performing scores, original keyboard parts, 18th century scribal copies, and early editions. Part two treats in depth continuo realization problems that are often overlooked and can be troublesome in modern performances. The author defines the most common bass patterns, or formula-progressions, in Handel's music, together with the precise harmony the composer intended.

The author attempts to show that continuo figuring can serve different functions depending on context. Much of the figuring that comes down to us in secondary sources may derive from the composer, or it may reflect valid contemporary practice. Modern editions, in the main, are too selective in this regard: they only include bass figuring from primary sources, leaving the modern performer frequently without sufficient guidance in the continuo part to improvise a stylistic accompaniment.

Appendices include brief examples of continuo realization by Handel.

Patrick J. Rogers is an active keyboard player and former Fulbright Scholar who studied Handel under Theodor Göllner, Roland Jackson, Terence Best, and the late J. Merrill Knapp.
=534  \\$aOriginally published in 1986
=600  \0$aHandel, George Frideric$d1685-1759$1http://www.wikidata.org/entity/Q7302$94765
=648  \0$a18th Century (1701-1800)$1http://www.wikidata.org/entity/Q7015$920899
=650  \0$aBasso continuo$1http://www.wikidata.org/entity/Q724321$921065
=650  \0$aVocal music$1http://www.wikidata.org/entity/Q685884$93319
=942  \\$cBOO
=952  \\$00$10$2ddc$40$6BIO_HAND_E$70$8BIO$914638$aORPH$bORPH$cKTS1_P$d2020-07-08$eKoopman$g21.00$i46F24$oBIO HAND e$p20130976$r2021-01-12 00:00:00$w2021-01-12$yBOO
=999  \\$d14654

