=LDR  01658aam a2200289   4500
=001  14664
=005  20250925143301.0
=008  170120s1967\\\\\\\\\\\\\\\\\\\\\\idfre
=041  \\$afre
=100  \\$4crp$aPoulenc, Francis$d1899-1963$1http://www.wikidata.org/entity/Q191408$97614
=245  \\$aCorrespondance 1915-1963
=260  \\$aParis$bSeuil$c1967
=300  \\$a269 pages
=520  \\$aThe correspondence between the famous French musician and a host of people, including other musicians (e.g. Milhaud, Stravinsky, Satie), poets (e.g. Cocteau, Max Jacob, Eluard), family members etc. The letters are to and from Poulenc.
=600  \0$aSatie, Erik$d1866-1925$1http://www.wikidata.org/entity/Q187192$920073
=600  \0$aStravinsky, Igor$d1882-1971$1http://www.wikidata.org/entity/Q7314$919367
=600  \0$aCocteau, Jean$d1889-1963$1http://www.wikidata.org/entity/Q83158$923265
=648  \0$a20th Century (1901-2000)$1http://www.wikidata.org/entity/Q6927$920936
=650  \0$aComposer$1http://www.wikidata.org/entity/Q36834$93625
=650  \0$aCorrespondence$1http://www.wikidata.org/entity/Q1784733$921392
=651  \0$aFrance$1http://www.wikidata.org/entity/Q142$9131
=700  \\$4win$4crp$aMilhaud, Darius$d1892-1974$1http://www.wikidata.org/entity/Q186264$98782
=700  \\$4edt$aWendel, Hélène de$916673
=942  \\$cBOO
=952  \\$00$10$2ddc$40$6BIO_POUL_A$70$8BIO$914648$aORPH$bORPH$cKTS1_P$d2020-07-08$oBIO POUL a$p20129932$r2021-01-12 00:00:00$w2021-01-12$yBOO
=952  \\$00$10$2ddc$40$6BIO_POUL_A$70$8BIO$926562$aORPH$bORPH$cKTS1_P$d2020-07-08$eKoopman$i23G08$l0$oBIO POUL a$p20125780$r2025-03-19 12:07:31$w2021-01-12$yBOO
=999  \\$d14664

