=LDR  02489aam a2200265   4500
=001  14832
=008  131203s1828\\\\\\\\\\\\\d\\\\0\\\0dfre
=041  \\$afre
=100  \\$aCastil-Blaze$d1784-1857$4aut$1http://www.wikidata.org/entity/Q294142$95547
=245  \\$aDictionnaire de musique moderne - Abbrégé historique sur la Musique Moderne depuis le quatrième siècle et spécialement relatif à l'Ecole Flamande
=260  \\$aBrussels$bAcadémie de musique$c1828
=300  \\$axvi-281-24-66 pages$bmusical examples, 1 folded page
=500  \\$aOriginally published in Paris, 1825
=500  \\$aFrançois-Henri-Joseph Blaze, known as Castil-Blaze, was a French musicologist, music critic, composer, and music editor. A large part of his activities consisted of adapting French and foreign opera for different stages in French provinces. Castil-Blaze is mostly known as a music critic, but he is also the author of various books and articles on the theory of music, music history, and the history of the theater. As a composer, Castil-Blaze mostly made arrangements, and he was among the editors of the works of Beethoven.
=590  \\$aSuivi d'un catalogue biographique des théoriciens, compositeurs et musiciens morts qui se sont illustrés dans le royaume des Pays-Bas et qui furent la sqource des écoles italienne, allemande et française. Cet ouvrage se termine par une instruction abrégée sur l'organisation et la conduite d'une école de musique spécialement pour le solfège et le chant avec des réflexions et des observations sur les divers modes d'enseignement mis en pratique depuis le 19e siècle, par J.H. Mees
=648  \0$a19th Century (1801-1900)$1http://www.wikidata.org/entity/Q6955$920935
=650  \0$aMusic theory$1http://www.wikidata.org/entity/Q193544$92662
=650  \0$aDictionary$1http://www.wikidata.org/entity/Q23622$921580
=650  \0$aEncyclopedia$1http://www.wikidata.org/entity/Q5292$92184
=700  \\$aMees, J. H.$4edt$918684
=856  \\$uhttps://books.google.be/books/about/Dictionnaire_de_musique_moderne.html?id=fmRDAAAAcAAJ&redir_esc=y$3Google Books
=942  \\$cBOO
=952  \\$00$10$2ddc$40$6KTS_1_000000000000000_C1_50_04G12$70$8RAR$9831$aORPH$bORPH$cKTS1_C1$d2020-07-08$eKoopman$i04G12$oKTS1 C1.50 04G12$p20137749$r2021-01-12 00:00:00$w2021-01-12$yBOO
=952  \\$00$10$2ddc$40$6KTS_1_000000000000000_H_01_027$70$8RAR$914820$aORPH$bORPH$cKTS1_H$d2020-07-08$eHuys$oKTS1 H.01.027$p20130943$r2021-01-12 00:00:00$w2021-01-12$yBOO
=999  \\$d14832

