=LDR  01219aam a2200241   4500
=001  14848
=003  OSt
=005  20250120120054.0
=008  201111s1996\\\\\\\\\\\\\\\\\\1\\\0\ger
=020  \\$a3895120979
=040  \\$cST
=041  \\$ager
=245  \\$aDie Entwicklung der Ouvertüren-Suite im 17. und 18. Jahrhundert, bedeutende Interpreten des 18. Jahrhunderts und ihre Ausstrahlung auf Komponisten, Kompositionsschulen und Instrumentenbau. Gedenkschrift für Eitelfriedrich Thom (1933-1993).$bKonferenzbericht über die XXI. Internationale Wissenschaftliche Arbeitstagung zu Fragen der Aufführungspraxis und Interpretation der Musik des 18. Jahrhunderts 1993
=260  \\$aMichaelstein$bStiftung Kloster Michaeltstein$c1996
=300  \\$a195 pages
=490  \\$aMichaelsteiner Konferenzberichte$v49
=700  \\$4edt$aFleischhauer, Günter$d1928-2002$1http://www.wikidata.org/entity/Q72937039$910889
=700  \\$4edt$aRuf, Wolfgang$916842
=700  \\$4edt$aSiegmund, Bert$916843
=700  \\$4edt$aZschoch, Frieder$916844
=942  \\$cBOO
=952  \\$00$10$2ddc$40$6GHM_5_000000000000000$70$8GEN$914836$aORPH$bORPH$cKM12_1$d2020-07-08$eKoopman$l0$oGHM 5$p20130414$r2021-01-12 00:00:00$w2021-01-12$yBOO
=999  \\$d14848

