=LDR  01904aam a2200289   4500
=001  14865
=005  20250521142016.0
=008  180924s1951\\\\\\\\\\\\\\\\\\\\\\0\ger
=041  \\$ager
=100  \\$4aut$aDa Ponte, Lorenzo$d1749-1838$1http://www.wikidata.org/entity/Q268166$96523
=245  \\$aDie Hochzeit des Figaro (Der tolle Tag):$bKomische Oper in vier Akten nach Beaumarchais
=246  \1$aDie Hochzeit des Figaro:$bKomische Oper in vier Akten von Wolfgang A. Mozart
=260  \\$aWien$bTagblatt-Bibliothek im Globus Verlag$c1951
=300  \\$a80 pages
=500  \\$aAnalysis followed by the libretto in German translation
=520  \\$aLe nozze di Figaro, zu deutsch Die Hochzeit des Figaro oder Figaros Hochzeit, ist eine Opera buffa in vier Akten von Wolfgang Amadeus Mozart (KV 492). Das italienische Libretto stammt von Lorenzo Da Ponte und basiert auf der Komödie La Folle Journée ou le Mariage de Figaro (Der tolle Tag oder Die Hochzeit des Figaro) von Pierre Augustin Caron de Beaumarchais aus dem Jahr 1778. Die Uraufführung durch die Wiener Hofoper fand am 1. Mai 1786 im Burgtheater am Michaelerplatz statt.
=534  \\$aOriginally published in 1947
=590  \\$avon Lorenzo da Ponte. Musik von W. A. Mozart. Mit einer Einführung von Dr. Georg Knepler
=600  \0$aMozart, Wolfgang Amadeus$d1756-1791$1http://www.wikidata.org/entity/Q254$95341
=648  \0$a18th Century (1701-1800)$1http://www.wikidata.org/entity/Q7015$920899
=650  \0$aOpera$1http://www.wikidata.org/entity/Q1344$92468
=650  \0$aLibretto$1http://www.wikidata.org/entity/Q131084$94031
=651  \0$aVienna (Austria)$1http://www.wikidata.org/entity/Q1741$920937
=700  \\$4win$aKnepler, Georg$916856
=942  \\$cBOO
=952  \\$00$10$2ddc$40$6BIO_MOZA1_E$70$8BIO$914853$aORPH$bORPH$cKTS1_P$d2020-07-08$eKoopman$g0.75$oBIO MOZA1 e$p20136429$r2021-01-12 00:00:00$w2021-01-12$yBOO
=999  \\$c14865$d14865

