=LDR  01640aam a2200265   4500
=001  14900
=005  20250121142131.0
=008  150910s2015\\\\\\\\\\\\\\\\\\\\\\0\ger
=041  \\$ager
=100  \\$4aut$aParaschivescu, Nicoleta$916877
=245  \\$aDie Partimenti von Giovanni Paisiello$bAnsätze zu ihrem verständnis = The Partimenti of Giovanni Paisiello: Towards Their Understanding in Context
=260  \\$aLeiden$bUniversiteit Leiden$c2015
=300  \\$a304 pages
=500  \\$aProefschrift ter verkrijging van de graad van Doctor aan de Universiteit Leiden op gezag van de Rector Magnificus prof. mr. C.J.J.M. Stolker, volgens besluit van het College voor promoties te verdedigen op 9 September 2015.

=600  \0$aPaisiello, Giovanni$d1740-1816$95361
=648  \0$a18th Century (1701-1800)$1http://www.wikidata.org/entity/Q7015$920899
=650  \0$aComposing$1http://www.wikidata.org/entity/Q92186587$93076
=650  \0$aMusic theory$1http://www.wikidata.org/entity/Q193544$92662
=650  \0$aPartimento$1http://www.wikidata.org/entity/Q2054960$921242
=651  \0$aItaly$1http://www.wikidata.org/entity/Q38$922
=942  \\$cDIS
=952  \\$00$10$2ddc$40$6BIO_PAIS_E$70$8BIO$910010$aORPH$bORPH$cKTS1_P$d2020-07-08$eKoopman$i45G23-2$oBIO PAIS e$p20127543$r2021-01-12 00:00:00$w2021-01-12$yBOO
=952  \\$00$10$2ddc$40$6MTP_5_000000000000000_PARA$70$8MTP$914889$aORPH$bORPH$cKM12_1$d2020-07-08$oMTP5 PARA$p20131377$r2021-01-12 00:00:00$w2021-01-12$yDIS
=952  \\$00$10$2ddc$40$6MTP_5_000000000000000_PARA$70$8MTP$920509$aORPH$bORPH$cKM12_1$d2020-07-08$l0$oMTP5 PARA$p20131378$r2021-09-02 00:00:00$w2021-01-12$yDIS
=999  \\$d14900

