=LDR  01963aam a2200277   4500
=001  14929
=005  20250605144350.0
=008  120209s2002\\\\\\\acf\\\\\\\\\\\\0ddut\d
=020  \\$a9789077203019
=041  \\$adut
=100  \\$aAndriessen, Pieter$d1943-2005$4aut$1http://www.wikidata.org/entity/Q2428332$916146
=245  \\$aDie van muziken gheerne horen:$bMuziek in Brugge 1200-1800
=260  \\$aBrugge$bWest-Vlaamse Gidsenkring$c2002
=300  \\$a440 pages$eCD
=520  \\$aHet standaardwerk over de rijke muziekgeschiedenis van Brugge (1200-1800). Met cd met 17 luistervoorbeelden. 
Die van Muziken gheerne horen beschrijft op een wetenschappelijke, maar niet hermetische manier de rijke muziekgeschiedenis van Brugge, van de trouvère Jocelyn de Bruges tot de symfonicus H. Leemans de Bruges. Duidelijk blijkt dat Brugge niet alleen een centrum was van boekverluchting en schilderkunst, de werkplaats van Memling en Van Eyck, maar ook van een ongewoon boeiend en bloeiend muziekleven. 

=561  \\$aThe copy ex libris Ton Koopman comes from the library of Gustav Leonhardt.
=648  \0$aMiddle Ages (500-1400)$1http://www.wikidata.org/entity/Q12554$920964
=648  \0$aRenaissance (1400-1600)$1http://www.wikidata.org/entity/Q4692$920965
=648  \0$a17th Century (1601-1700)$1http://www.wikidata.org/entity/Q7016$920923
=648  \0$a18th Century (1701-1800)$1http://www.wikidata.org/entity/Q7015$920899
=650  \0$aMusic history$1http://www.wikidata.org/entity/Q846047$921373
=651  \0$aBruges (Belgium)$1http://www.wikidata.org/entity/Q12994$920963
=942  \\$cBOO
=952  \\$00$10$2ddc$40$6TOP_BE_BRU2_3_000000000000000$70$8TOP$95420$aORPH$bORPH$cKTS0$d2020-07-08$eKoopman$i46A13$l0$oTOP BE.BRU2 3$p20127584$r2021-01-12 00:00:00$w2021-01-12$yBOO$OKoopman
=952  \\$00$10$2ddc$40$6TOP_BE_BRU2_3_000000000000000$70$8TOP$914919$aORPH$bORPH$cKTS0$l0$oTOP BE.BRU2 3$p20130772$r2021-01-12 00:00:00$w2021-01-12$yBOO$d2020-07-08
=999  \\$d14929

