=LDR  00861aam a2200193   4500
=001  15000
=008  201111s1999\\\\nl\af\\\\\\\\\\\\\0\dut\d
=041  \\$adut
=100  \\$aSeijbel, Maarten$4aut$916973
=245  \\$aEen drietal interessante orgels in de hanzestad Zutphen
=260  \\$aElburg$bStichting tot behoud van het Nederlandse Orgel$c1999
=300  \\$a28 pages
=648  \0$aPast$1http://www.wikidata.org/entity/Q192630$922196
=650  \0$aOrgan$1http://www.wikidata.org/entity/Q1444$92810
=650  \0$aOrganology$1http://www.wikidata.org/entity/Q899293$921400
=651  \0$aZutphen (Netherlands)$1http://www.wikidata.org/entity/Q109535$924930
=942  \\$cBOO
=952  \\$00$10$2ddc$40$6INS_3_000000000000000_1A_NL_ZUT$70$8INS$914992$aORPH$bORPH$cKTS0$d2020-07-08$eKoopman$i44D25$l0$oINS3.1a NL.ZUT$p20130364$r2021-01-12 00:00:00$w2021-01-12$yBOO
=999  \\$d15000

