=LDR  01221aam a2200193   4500
=001  15150
=005  20250120120028.0
=008  111115s2007\\\\\\\\\\\\\\\\\\\\\\0\e
=020  \\$a9780195189872
=041  \\$aeng
=100  \\$aHaynes, Bruce$d1942-2011$4aut$1http://www.wikidata.org/entity/Q4977636$911462
=245  \\$aThe end of early music: A period performer's history of music for the twenty-first century
=260  \\$aNew York$bOxford university press$c2007
=300  \\$a284 pages
=520  \\$aPart history, part explanation of early music, this book also plays devil's advocate, criticizing current practices and urging experimentation. Haynes, a veteran of the movement, describes a vision of the future that involves improvisation, rhetorical expression, and composition. Written for musicians and non-musicians alike.
=942  \\$cBOO$2ddc
=952  \\$00$10$2ddc$40$6MTP_2_000000000000000_HAYN$70$8MTP$98112$aORPH$bORPH$cKM12_1$d2020-07-08$eKoopman$i25A02$l1$oMTP 2 HAYN$p20129169$r2024-11-13 10:30:00$s2024-10-16$w2021-01-12$yBOO
=952  \\$00$10$2ddc$40$6MTP_2_000000000000000_HAYN$70$8MTP$915142$aORPH$bORPH$cKM12_1$g23.00$l0$oMTP 2 HAYN$p20134502$r2021-01-12 00:00:00$w2021-01-12$yBOO$d2020-07-08
=999  \\$c15150$d15150

