=LDR  00918aam a2200217   4500
=001  15157
=005  20250120120104.0
=008  201209s2005\\\\ml\af\\\\\\\\\\\\\0\nl\\d
=041  \\$adut
=100  \\$4aut$aSeijbel, Maarten$916973
=245  \\$aEnige opmerkelijke orgelrestauraties. Zuthpen, Heelsum, Wadenolijen
=250  \\$aPublicatie nr.63, najaar 2005
=260  \\$aElburg$bStichting tot behoud van het Nederlandse Orgel$c2005
=300  \\$a19 pages
=610  \0$926573$a't Kerkje op de Heuvel (Heelsum, Netherlands)
=610  \0$926574$aHervormde kerk (Wadenoijen, Netherlands)
=650  \0$1http://www.wikidata.org/entity/Q1444$aOrgan$92810
=651  \0$1http://www.wikidata.org/entity/Q55$aNetherlands$9173
=942  \\$cBOO
=952  \\$00$10$2ddc$40$6INS_3_000000000000000_1A_NL$70$8INS$915149$aORPH$bORPH$cKTS0$d2020-07-08$eKoopman$i29D20 IX$l0$oINS3.1a NL$p20130778$r2021-01-12 00:00:00$w2021-01-12$yBOO
=999  \\$d15157

