=LDR  02559aam a2200385   4500
=001  15204
=005  20251003083811.0
=008  120315s2007\\\\\\\\\\\\\\\\\\\\\\0dger\d
=020  \\$a9783932581847
=041  \\$ager
=245  \\$aErst mal schön ins Horn tuten.$bErinnerungen eines Schallplattenproduzenten
=260  \\$aRegensburg$bConbrio$c2007
=300  \\$a281 pages
=520  \\$aWie man kenntnisreich, seriös und unterhaltsam über die viel beschworene Klassikkrise nachdenken kann, ohne das eigentliche, die Musik aus den Augen zu verlieren, demonstriert ein Interview-Band, der dem Lebenswerk des Produzenten Wolf Erichson gewidmet ist. Zum Glück setzen Thomas Otto und Stefan Piendl bei ihren Gesprächen weder auf die Nostalgie- noch auf die Panikkarte. Sie breiten vielmehr ein facettenreiches Panorama aus, in dem das Denken, die Passion und die Expertise eines Musikbesessenen sichtbar werden??
=561  \\$aTon Koopman's copy has a handwritten dedication from Thomas Otto and Stefan Peindl to Gustav Leonhardt, Berlin, 18 April 2007
=590  \\$aGespräche mit Wolf Erichson und Nikolaus Harnoncourt, Gustav Leonhardt, Stephan Schellmann, Yaara Tal & Andreas Groethuysen und Bruno Weil
=600  \0$aErichson, Wolf$d1928-2019$917149
=648  \0$a20th Century (1901-2000)$1http://www.wikidata.org/entity/Q6927$920936
=650  \0$aSound recording industry$1http://www.wikidata.org/entity/Q10302058$92246
=650  \0$aMusic production$1http://www.wikidata.org/entity/Q959049$941514
=650  \0$aHistorically informed performance$1http://www.wikidata.org/entity/Q1344860$920980
=651  \0$aGermany$1http://www.wikidata.org/entity/Q183$9155
=700  \\$aOtto, Thomas$917147$4ivr
=700  \\$aPiendl, Stefan$917148$4ivr
=700  \\$aHarnoncourt, Nikolaus$d1929-2016$1http://www.wikidata.org/entity/Q78526$917150$4ive
=700  \\$aErichson, Wolf$d1928-2019$917149$4ive
=700  \\$aLeonhardt, Gustav$d1928-2012$1http://www.wikidata.org/entity/Q51584$917151$4ive
=700  \\$aSchellmann, Stephan$917152$4ive
=700  \\$aTal, Yaara$941513$4ive
=700  \\$aGroethuysen, Andreas$1http://www.wikidata.org/entity/Q37944934$917153$4ive
=700  \\$aWeil, Bruno$917154$4ive
=942  \\$cBOO
=952  \\$00$10$2ddc$40$6AES_OTTO$70$8AES$99947$aORPH$bORPH$cKM12_1$d2020-07-08$eKoopman$i45A03$l0$oAES OTTO$p20127446$r2021-01-12 00:00:00$w2021-01-12$yBOO
=952  \\$00$10$2ddc$40$6AES_OTTO$70$8AES$915197$aORPH$bORPH$cKM12_1$l2$oAES OTTO$p20135302$r2025-10-16 17:04:32$s2025-09-10$w2021-01-12$yBOO$d2020-07-08
=999  \\$d15204

