=LDR  01146acm a2200241   4500
=001  15275
=005  20250120120309.0
=008  150506r19671724\\\\\\\\\\\\\\\\\\0\fre\d
=041  \\$afre
=100  \\$aCampra, André$d1660-1744$4aut$1http://www.wikidata.org/entity/Q313860$95039
=245  \\$aL'Europe galante.$bBallet représenté en l'an 1697
=260  \\$aFarnborough$bGregg$c1967
=300  \\$a267 pages
=500  \\$aSee also G1-018 for an original print of the condensed score by Ballard
=534  \\$cParis: Ballard, 1697
=610  \0$aOpéra-Comique (Paris, France)$1http://www.wikidata.org/entity/Q872222$920953
=648  \0$a17th Century (1601-1700)$1http://www.wikidata.org/entity/Q7016$920923
=650  \0$aBallet$1http://www.wikidata.org/entity/Q41425$94412
=651  \0$aParis (France)$1http://www.wikidata.org/entity/Q90$9160
=856  \\$uhttps://imslp.org/wiki/L%27Europe_galante_(Campra%2C_Andr%C3%A9)$3International Music Score Library Project
=942  \\$cBOO
=952  \\$00$10$2ddc$40$6SCO_CAMP$70$8SCO$915269$aORPH$bORPH$cKTS1_P$d2020-07-08$eKoopman$i13E110$oSCO CAMP$p20131024$r2021-01-12 00:00:00$w2021-01-12$ySCO
=999  \\$d15275

