=LDR  03011aam a2200289   4500
=001  15405
=008  201111s2009\\\\gw\afg\\\\\\\\\\\\0\ger
=020  \\$a9783895121357
=041  \\$ager
=100  \\$aSchmuhl, Boje E. Hans$4edt$917342
=110  2\$aStiftung Kloster Michaelstein (Germany)$1http://www.wikidata.org/entity/Q1441940$4orm$926321
=245  \\$aFlötenmusik in Geschichte und Aufführungspraxis zwischen 1650 und 1850.$bXXXIV. Wissenschaftliche Arbeitstagung Michaelstein, 5. bis 7. Mai 2006
=260  \\$aBlankenburg$bStiftung Kloster Michaeltstein$c2009
=300  \\$a352 pages
=490  \\$aMichaelsteiner Konferenzberichte$v73
=505  \\$gKlangmagie und Mythos: Die Flöte und die Tradition der Pastorale / Hermann Jung
Die Rolle der Flöte im Orchester bis um 1800 / Dieter Gutknecht
Silberglöckchen und Zauberflöte: die Macht der Instrumente und die Idee der Oper / Wilhelm Seidel
Flötenmusik im interkontinentalen Kulturtransfer zwischen 1650 und 1850 / Gisa Jähnichen
"der feinere Geschmack am Clavier, auf der Violin, Travers-Flöte und Waldhornen" : Deutsche Flötisten und Flötenmusik im Russland des 18. Jahrhunderts / Klaus-Peter Koch
The song tunes for the flute / Peter Reidemeister
Lieblich oder schrill : Blockflötenkultur zwischen 1750 und 1900 wider die Vergessenheit / Nikolaj Tarasov
Die Flöte in der Wiener Musikszene des frühen 19. Jahrhunderts
Die Flötenkonzerte von Georg Metzger und ihre Einordnung in die Entwicklung der "Mannheimer Schule" / Johannes Hustedt
Die Flöte als Adelsinstrument in der Residenz Schwarzburg-Rudolstadt im 18. Jahrhundert / Ute Omonsky
Nach dem Beispiel Carl Philipp Emanuel Bachs? : Freundschaftskult und Flötenmusik im 18. und frühen 19. Jahrhundert
Zur Rezeption von Telemanns Kompositionen für Traversflöte im Umfeld von Quantz : Neues aus dem Notenarchiv der Sing-Akademie zu Berlin / Ralph-Jürgen Reipsch
To breathe or not to breathe in Cadenzas for Mozart
that is the question / Rachel Brown
Betrachtungen zum stilistischen Wandel der Interpretationen hochbarocker Blockflötenmusik von 1960 bis 2000 / Karsten Erik Ose und Dorothee Oberlinger
Lessons from inventories and sales of flutes and recorders, 1650-1800 / David Lasocki
=648  \0$a17th Century (1601-1700)$1http://www.wikidata.org/entity/Q7016$920923
=648  \0$a18th Century (1701-1800)$1http://www.wikidata.org/entity/Q7015$920899
=648  \0$a19th Century (1801-1900)$1http://www.wikidata.org/entity/Q6955$920935
=650  \0$aMusic history$1http://www.wikidata.org/entity/Q846047$921373
=650  \0$aFlute$1http://www.wikidata.org/entity/Q11405$921276
=650  \0$aOrganology$1http://www.wikidata.org/entity/Q899293$921400
=650  \0$aIconography$1http://www.wikidata.org/entity/Q208145$921259
=700  \\$4edt$aOmonsky, Ute$917343
=942  \\$cBOO
=952  \\$00$10$2ddc$40$6INS_6_000000000000000_2D_SCHM$70$8INS$915403$aORPH$bORPH$cKTS0$d2020-07-08$eKoopman$iTSMich87$oINS6.2d SCHM$p20130190$r2021-01-12 00:00:00$w2021-01-12$yBOO
=999  \\$d15405

