=LDR  01432aam a2200265   4500
=001  15453
=005  20250120120310.0
=008  160626s1972\\\\\\\\\\\\\\\\\\\\\\0bfre\d
=041  \\$afre
=245  \\$aFrançois-Joseph Fétis 1784-1871 et la vie musicale de son temps
=260  \\$aBrussels$bBibliothèque Royale Albert 1er$c1972
=300  \\$a253 pages
=520  \\$aExposition organisée à l'occasion du centième anniversaire de l'achat de la collection Fétis .
=600  \0$aFétis, François-Joseph$d1784-1871$1http://www.wikidata.org/entity/Q523581$95045
=610  \0$aConservatoire royal de musique (Brussels, Belgium)$1http://www.wikidata.org/entity/Q336968$91443
=648  \0$a19th Century (1801-1900)$1http://www.wikidata.org/entity/Q6955$920935
=650  \0$aMusic history$1http://www.wikidata.org/entity/Q846047$921373
=650  \0$aMusicologist$1http://www.wikidata.org/entity/Q14915627$92342
=650  \0$aBiography$1http://www.wikidata.org/entity/Q36279$91927
=651  \0$aBelgium$1http://www.wikidata.org/entity/Q31$920881
=700  \\$4ctb$aHuys, Bernard$917389
=942  \\$cBOO
=952  \\$00$10$2ddc$40$6BIO_FETI_E$70$8BIO$99137$aORPH$bORPH$cKTS1_P$d2020-07-08$eKoopman$i32D36$l0$oBIO FETI e$p20123109$r2021-01-12 00:00:00$w2021-01-12$yBOO$OKoopman
=952  \\$00$10$2ddc$40$6BIO_FETI_E$70$8BIO$915451$aORPH$bORPH$cKTS1_P$l0$oBIO FETI e$p20115932$r2021-01-12 00:00:00$w2021-01-12$yBOO$d2020-07-08
=999  \\$d15453

