=LDR  01794aam a2200253   4500
=001  15487
=005  20250121142131.0
=008  120202s2000\\\\\\\\\\\\\\\\\\\\\\0\eng
=020  \\$a9781840142419
=041  \\$aeng
=245  \\$aFrench Baroque Opera:$bA Reader
=260  \\$aAldershot$bAshgate$c2000
=300  \\$a160 pages
=520  \\$aFrom the outset, French opera generated an enormous diversity of literature, familiarity with which enhances our understanding of this unique art form. Yet relatively little of that literature is available in English, despite an upsurge of interest in the Lully-Rameau period. This is a wide-ranging picture of the organization and evolution of French baroque opera, its aims and aspirations, its strengths and weaknesses. Drawing on official documents, theoretical writings, letters, diaries, dictionary entries, contemporary reviews and commentaries, it provides an insight into Lully's once-proud Royal Academy of Music and the colourful characters who surrounded it. The translated passages are set in context, and readers are directed to further scholarly and critical writings in English.
=610  \0$aOpéra (Paris, France)$1http://www.wikidata.org/entity/Q283339$920898
=648  \0$a17th Century (1601-1700)$1http://www.wikidata.org/entity/Q7016$920923
=648  \0$a18th Century (1701-1800)$1http://www.wikidata.org/entity/Q7015$920899
=650  \0$aOpera$1http://www.wikidata.org/entity/Q1344$92468
=651  \0$aFrance$1http://www.wikidata.org/entity/Q142$9131
=700  \\$4edt$aSadler, Graham$917418
=700  \\$4edt$aWood, Caroline$917419
=942  \\$cBOO
=952  \\$00$10$2ddc$40$6TOP_FR_5_000000000000000$70$8TOP$915487$aORPH$bORPH$cKTS0$d2020-07-08$eKoopman$i21C20$l0$oTOP FR 5$p20130991$r2021-01-12 00:00:00$w2021-01-12$yBOO
=999  \\$d15487

