=LDR  01296aaa a2200253   4500
=001  15514
=005  20251027164332.0
=008  161220s1969\\\\\\\dgha\\c\\\\\\1\0\ger\d
=041  \\$ager
=100  \\$aJeppesen, Knud$d1892-1974$4aut$1http://www.wikidata.org/entity/Q426763$96312
=245  \\$aLa Frottola$nII$pZur Bibliographie der handschriftlichen musikalischen Überlieferung des weltlichen italienischen Lieds um 1500
=260  \\$aCopenhagen$bUniversitetsforlaget i Aarhus$c1969
=300  \\$axl-349 pages
=490  \\$aActa Jutlandica$vXLI:1
=648  \0$aRenaissance (1400-1600)$1http://www.wikidata.org/entity/Q4692$920965
=650  \0$aFrottola$1http://www.wikidata.org/entity/Q944800$924057
=650  \0$aMusic history$1http://www.wikidata.org/entity/Q846047$921373
=650  \0$aManuscript$1http://www.wikidata.org/entity/Q87167$92275
=650  \0$aBibliography$1http://www.wikidata.org/entity/Q134995$93965
=650  \0$aCatalogue$1http://www.wikidata.org/entity/Q2352616$1http://www.wikidata.org/entity/Q6941730$921484
=651  \0$aItaly$1http://www.wikidata.org/entity/Q38$922
=942  \\$cBOO
=952  \\$00$10$2ddc$3II$40$6TOP_IT_4_000000000000000$70$8TOP$98539$aORPH$bORPH$cKTS0$d2020-07-08$eKoopman$i44A28_02$oTOP IT 4$p20126717$r2021-01-12 00:00:00$w2021-01-12$yBOO
=999  \\$d15514

