=LDR  01589aam a2200265   4500
=001  15554
=005  20250120120401.0
=008  190514s1925\\\\\\\\\\\\\\\\\\\1\\0\mul
=041  \\$adut$ager$aspa$aeng$afre
=100  \\$4dte$aScheurleer, Daniel François$d1855-1927$1http://www.wikidata.org/entity/Q3976286$95584
=245  \\$aGedenkboek aangeboden aan Dr. D. F. Scheurleer op zijn 70sten verjaardag.$bBijdragen van vrienden en vereerders op het gebied der muziek
=260  \\$aThe Hague$bNijhoff$c1925
=300  \\$a396 pages
=600  \0$aSweelinck, Jan Pieterszoon$d1562-1621$1http://www.wikidata.org/entity/Q110294$911454
=650  \0$aMusic history$1http://www.wikidata.org/entity/Q846047$921373
=700  \\$4aut$aAdler, Guido$d1855-1941$1http://www.wikidata.org/entity/Q78716$917498
=700  \\$4edt$aAverkamp, Anton$d1861-1934$1http://www.wikidata.org/entity/Q15448761$97534
=700  \\$4edt$aBarclay Squire, William$917500
=700  \\$4edt$aVan den Borren, Charles$d1874-1966$1http://www.wikidata.org/entity/Q1066297$917675
=700  \\$4edt$aHammerich, Angul$d1848-1931$1http://www.wikidata.org/entity/Q4495309$96422
=700  \\$4edt$aKinkeldey, Otto$d1878-1966$1http://www.wikidata.org/entity/Q3887291$917501
=942  \\$cBOO
=952  \\$00$10$2ddc$40$6REF_4_000000000000000_SCHE$70$8REF$911892$aORPH$bORPH$cKM12_1$d2020-07-08$eKoopman$i21A38$oREF4 SCHE$p20128305$r2021-01-12 00:00:00$w2021-01-12$yBOO
=952  \\$00$10$2ddc$40$6REF_4_000000000000000_SCHE$70$8REF$915555$aORPH$bORPH$cKM12_1$d2020-07-08$oREF4 SCHE$p20131059$r2021-01-12 00:00:00$w2021-01-12$yBOO
=999  \\$d15554

