=LDR  00899aam a2200193   4500
=001  15593
=008  201116s1982\\\\nl\a\\\\\\\\\\\\\\0\dut\d
=041  \\$adut
=100  \\$aStraten, Rudi van$4aut$917530
=245  \\$aHet gerestaureerde Lohman-orgel in de Dorpskerk te Vorden
=260  \\$aElburg$bStichting tot behoud van het Nederlandse Orgel$c1982
=300  \\$a11 pages
=610  \0$aDorpskerk Vorden (Netherlands)$1http://www.wikidata.org/entity/Q16267911$925568
=650  \0$aOrgan$1http://www.wikidata.org/entity/Q1444$92810
=650  \0$aOrganology$1http://www.wikidata.org/entity/Q899293$921400
=651  \0$aVorden (Netherlands)$1http://www.wikidata.org/entity/Q1615554$925567
=942  \\$cBOO
=952  \\$00$10$2ddc$40$6INS_3_000000000000000_1E_NL_VOR$70$8INS$915596$aORPH$bORPH$cKTS0$d2020-07-08$eKoopman$i28E25 XXXXVI$l0$oINS3.1e NL.VOR$p20130453$r2021-01-12 00:00:00$w2021-01-12$yBOO
=999  \\$d15593

