=LDR  00882aam a2200193   4500
=001  15594
=005  20250120120902.0
=008  201116s1963\\\\nl\\\\\\\\\\\\\\\\0\dut\d
=100  \\$as.n.$4aut$913703
=245  \\$aHet gerestaureerde orgel in de Ned. Hervormde Kerk te Stompetoren
=260  \\$aAlkmaar$bVermeulen$c1963
=300  \\$a2 pages
=610  \0$aHervormde kerk (Stompetoren, Netherlands)$1http://www.wikidata.org/entity/Q11721641$925497
=650  \0$aOrgan$1http://www.wikidata.org/entity/Q1444$92810
=650  \0$aOrganology$1http://www.wikidata.org/entity/Q899293$921400
=651  \0$aStompetoren (Netherlands)$1http://www.wikidata.org/entity/Q2854513$925496
=942  \\$cBOO
=952  \\$00$10$2ddc$40$6INS_3_000000000000000_1E_NL_STO$70$8INS$915597$aORPH$bORPH$cKTS0$d2020-07-08$eKoopman$i28E25 XXXXII$l0$oINS3.1e NL.STO$p20130449$r2021-01-12 00:00:00$w2021-01-12$yBOO
=999  \\$d15594

