=LDR  01370aam a2200265   4500
=001  15645
=008  120306s1994\\\\\\\g\\\\\\\\\\\\\\0|ger\d
=041  \\$ager
=100  \\$aBraun, Werner$d1926-2012$4aut$99869
=245  \\$aDeutsche Musiktheorie des 15. bis 17. Jahrhunderts. $bZweiter Teil: Von Calvisius bis Mattheson
=260  \\$aDarmstadt$bWissenschaftliche Buchgesellschaft$c1994
=300  \\$a454 pages
=490  \\$aGeschichte der Musiktheorie$v8/II
=648  \0$a16th Century (1501-1600)$1http://www.wikidata.org/entity/Q7017$920944
=648  \0$a17th Century (1601-1700)$1http://www.wikidata.org/entity/Q7016$920923
=648  \0$a18th Century (1701-1800)$1http://www.wikidata.org/entity/Q7015$920899
=650  \0$aMusic theory$1http://www.wikidata.org/entity/Q193544$92662
=650  \0$aMusic history$1http://www.wikidata.org/entity/Q846047$921373
=651  \0$aGermany$1http://www.wikidata.org/entity/Q183$9155
=700  \\$4edt$aErtelt, Thomas$917550
=700  \\$4edt$aZaminer, Frieder$914803
=942  \\$cBOO
=952  \\$00$10$2ddc$40$6TOP_DE_4_000000000000000$70$8TOP$96241$aORPH$bORPH$cKTS0$d2020-07-08$eKoopman$i22C36$oTOP DE 4$p20125693$r2021-01-12 00:00:00$w2021-01-12$yBOO
=952  \\$00$10$2ddc$40$6MTP_1_000000000000000_GESC$70$8MTP$915647$aORPH$bORPH$cKM12_1$l0$oMTP1 GESC$p20135711$r2021-01-12 00:00:00$w2021-01-12$yBOO$d2020-07-08
=999  \\$d15645

