=LDR  00929aam a2200217   4500
=001  15654
=005  20250120120115.0
=008  201111s2006\\\\\\\\\\\\\\\\\\\\\\0\ger
=020  \\$a9783895121289
=041  \\$ager
=245  \\$aGeschichte und Bauweise des Tafelklaviers. 23. Musikinstrumentenbau-Symposium Michaelstein, 11. bis 13. Oktober 2002
=260  \\$aBlankenburg$bStiftung Kloster Michaelstein$c2006
=300  \\$a438 pages
=490  \\$aMichaelstein Konferenzberichte$v68
=650  \0$aKeyboard instrument$1http://www.wikidata.org/entity/Q52954$92849
=650  \0$aOrganology$1http://www.wikidata.org/entity/Q899293$921400
=700  \\$4aut$aSchmuhl, Boje E. Hans$917342
=700  \\$4aut$aLustig, Monika$917540
=942  \\$cBOO
=952  \\$00$10$2ddc$40$6INS_3_000000000000000_3A$70$8INS$915656$aORPH$bORPH$cKTS0$d2020-07-08$eKoopman$iTS Michaelst. Konf. 68$oINS3.3a$p20130354$r2021-01-12 00:00:00$w2021-01-12$yBOO
=999  \\$d15654

