=LDR  01041aam a2200217   4500
=001  15664
=005  20250120120902.0
=008  201209b\\\\\\\\nl\f\\\\\\\\\\\\\\0\dut\d
=041  \\$adut
=100  \\$4aut$as.n.$913703
=245  \\$aDe geschiedenis van het orgel in de Bethelkerk te Urk
=260  \\$aElburg$bStichting tot behoud van het Nederlandse Orgel
=300  \\$a7 pages
=610  \0$aBethelkerk (Urk, Netherlands)$925491
=650  \0$aOrgan$1http://www.wikidata.org/entity/Q1444$92810
=650  \0$aOrganology$1http://www.wikidata.org/entity/Q899293$921400
=651  \0$aUrk (Netherlands)$1http://www.wikidata.org/entity/Q273746$925490
=942  \\$cBOO
=952  \\$00$10$2ddc$40$6INS_3_000000000000000_1E_NL_URK$70$8INS$915666$aORPH$bORPH$cKTS0$d2020-07-08$eKoopman$iNL Urk$l0$oINS3.1e NL.URK$p20130859$r2021-01-12 00:00:00$w2021-01-12$yBOO
=952  \\$00$10$2ddc$40$6INS_3_000000000000000_1E_NL_URK$70$8INS$923422$aORPH$bORPH$cKTS0$d2020-07-08$eKoopman$i29D18$l0$oINS3.1e NL.URK$p20130853$r2024-06-26 00:00:00$w2021-01-12$yBOO
=999  \\$d15664

