=LDR  00914aam a2200193   4500
=001  15665
=005  20250120120902.0
=008  201116s1989\\\\nl\af\\\\\\\\\\\\\0\dut\d
=100  \\$aEnde, Lennart van den$4aut$917579
=245  \\$aGeschiedenis van het orgel in de grote of o.l.v. kerk te Breda
=260  \\$aBreda$bStichting grote of onze lieve vrouwe kerk te Breda$c1989
=300  \\$a44 pages
=610  \0$aGrote Kerk (Breda, Netherlands)$1http://www.wikidata.org/entity/Q1431827$925474
=650  \0$aOrgan$1http://www.wikidata.org/entity/Q1444$92810
=650  \0$aOrganology$1http://www.wikidata.org/entity/Q899293$921400
=651  \0$aBreda (Netherlands)$1http://www.wikidata.org/entity/Q40844$922638
=942  \\$cBOO
=952  \\$00$10$2ddc$40$6INS_3_000000000000000_1E_NL_BRE$70$8INS$915667$aORPH$bORPH$cKTS0$d2020-07-08$eKoopman$i28E25 VII$l0$oINS3.1e NL.BRE$p20130421$r2021-01-12 00:00:00$w2021-01-12$yBOO
=999  \\$d15665

