=LDR  01065aam a2200181   4500
=001  15684
=005  20250120120117.0
=008  140526s2012\\\\\\\\\\\\\\\\\\\\\\0\ger
=041  \\$ager
=100  \\$aDragosits, Anne Marie$4aut$917597
=245  \\$aGiovanni Girolamo Kapsberger (ca. 1581-1651): Betrachtungen zu seinem leben und umfeld, seiner vokalmusik und seinem praktischen material zum basso continuo-spiel
=260  \\$aLeiden$bUniversiteit Leiden$c2012
=300  \\$a525 pages
=520  \\$aProefschrift ter verkrijging van de graad van Doctor aan de Universiteit Leiden op gezag van de Rector Magnificus prof. mr. P.F. van der Heijden, volgens besluit van het College voor promoties te verdedigen op 4 december 2012.


=942  \\$cDIS
=952  \\$00$10$2ddc$40$6BIO_KAPS_D$70$8BIO$97016$aORPH$bORPH$cKTS1_P$d2020-07-08$eKoopman$i43C07$l0$oBIO KAPS d$p20127202$r2021-01-12 00:00:00$w2021-01-12$yBOO
=952  \\$00$10$2ddc$40$6MTP_5_000000000000000_DRAG$70$8MTP$915686$aORPH$bORPH$cKM12_1$d2020-07-08$oMTP5 DRAG$p20134078$r2021-01-12 00:00:00$w2021-01-12$yBOO
=999  \\$d15684

