=LDR  01034aam a2200205   4500
=001  15726
=008  221104s2002\\\\nl\af|||\||||\00|\0\dut\d
=041  \\$adut
=100  \\$aKuilenburg, Wout van$4aut$917631
=245  \\$aGrave: bijna zes eeuwen orgelstad
=260  \\$aElburg$bStichting tot behoud van het Nederlandse Orgel$c2002
=300  \\$a40 pages
=490  \\$aPublicatie van de Stichting tot behoud van het Nederlandse Orgel$v57
=650  \0$aOrgan$1http://www.wikidata.org/entity/Q1444$92810
=650  \0$aOrganology$1http://www.wikidata.org/entity/Q899293$921400
=651  \0$aNetherlands$1http://www.wikidata.org/entity/Q55$9173
=942  \\$cBOO
=952  \\$00$10$2ddc$40$6INS_3_000000000000000_1E_NL_GRA$70$8INS$915729$aORPH$bORPH$cKTS0$d2020-07-08$eKoopman$i42G26$l0$oINS3.1e NL.GRA$p20130380$r2021-01-12 00:00:00$w2021-01-12$yBOO
=952  \\$00$10$2ddc$40$6INS_3_000000000000000_1E_NL_GRA$70$8INS$923420$aORPH$bORPH$cKTS0$d2020-07-08$eKoopman$i29D18$l0$oINS3.1e NL.GRA$p20130848$r2024-06-26 00:00:00$w2021-01-12$yBOO
=999  \\$d15726

