=LDR  00733aam a2200181   4500
=001  15738
=005  20250120120104.0
=008  201209|\\\\\\\\nl\a\\\\\\\\\\\\\\0\dut\d
=041  \\$adut
=100  \\$aSeijbel, Maarten$4aut$916973
=245  \\$aGrepen uit de orgelgeschiedenis van Friesland II
=260  \\$aElburg$bStichting tot behoud van het Nederlandse Orgel$cs.d.
=300  \\$a11 pages
=650  \0$1http://www.wikidata.org/entity/Q1444$aOrgan$92810
=651  \0$1http://www.wikidata.org/entity/Q770$aFriesland (Netherlands)$921961
=942  \\$cBOO
=952  \\$00$10$2ddc$40$6INS_3_000000000000000_1A_NL_FRI$70$8INS$915741$aORPH$bORPH$cKTS0$d2020-07-08$eKoopman$l0$oINS3.1a NL.FRI$p20130860$r2021-01-12 00:00:00$w2021-01-12$yBOO
=999  \\$d15738

