=LDR  00871aam a2200205   4500
=001  15748
=005  20250820130241.0
=008  131126s19681731\\\\\\\\\\\\\\\\\\0\ger
=041  \\$ager
=100  \\$aMattheson, Johann$d1681-1764$4aut$1http://www.wikidata.org/entity/Q170333$95222
=245  \\$aGrosse General-Bass-Schule
=250  \\$a2nd ed.
=260  \\$aHildesheim$bGeorg Olms$c1968
=300  \\$a484 pages
=500  \\$aReprint of the 2nd edition Hamburg, 1731
=650  \0$aMethod$1http://www.wikidata.org/entity/Q2250960$921402
=942  \\$cBOO
=952  \\$00$10$2ddc$40$6TRE_MATT$70$8TRE$915750$aORPH$bORPH$cKTS1_H$d2020-07-08$eKoopman$i14D35$l0$oTRE MATT$p20124656$r2021-01-12 00:00:00$w2021-01-12$yBOO
=952  \\$00$10$2ddc$40$6TRE_MATT$70$8TRE$915751$aORPH$bORPH$cKTS1_H$eHuys$l0$oTRE MATT$p20134678$r2021-01-12 00:00:00$w2021-01-12$yBOO$d2020-07-08
=999  \\$c15748$d15748

