=LDR  01018aam a2200205   4500
=001  15749
=005  20250820130241.0
=008  131126r19561731\\\\\\\\\\\\\\\\\\0\ger
=041  \\$ager
=100  \\$4aut$aMattheson, Johann$d1681-1764$1http://www.wikidata.org/entity/Q170333$95222
=245  \\$aGrosse General-bass-Schule: Praktischer Teil I
=260  \\$aMainz$bB. Schott's Söhne$c1956
=300  \\$a48 pages
=520  \\$aOder: Der exemplarischen Organisten-Probe. Zweite/ verbesserte und vermehrte Auflage 1731. Praktischer Teil I, neu herausgegeben und bearbeitet.
=650  \0$aMethod$1http://www.wikidata.org/entity/Q2250960$921402
=700  \\$4edt$aFortner, Wolfgang$917643
=942  \\$cBOO
=952  \\$00$10$2ddc$40$6TRE_MATT$70$8TRE$99386$aORPH$bORPH$cKTS1_H$d2020-07-08$eKoopman$i19A17$l0$oTRE MATT$p20125159$r2021-01-12 00:00:00$w2021-01-12$yBOO
=952  \\$00$10$2ddc$40$6TRE_MATT$70$8TRE$915752$aORPH$bORPH$cKTS1_H$eHuys$l0$oTRE MATT$p20135798$r2021-01-12 00:00:00$w2021-01-12$yBOO$d2020-07-08
=999  \\$c15749$d15749

