=LDR  01093aam a2200241   4500
=001  15753
=005  20250820130241.0
=008  131113r19681789\\\fg\\\\\\\\\\\\\0\ger
=041  \\$ager
=100  \\$aMozart, Leopold$d1719-1787$4aut$1http://www.wikidata.org/entity/Q156280$912887
=245  \\$aGründliche Violinschule
=260  \\$aLeipzig$bVEB Deutscher Verlag für Musik$c1968
=300  \\$a276 pages
=520  \\$aFaksimile-nachdruck der 3. Auflage, Augsburg 1787. See KTS1 C2.55 09I06 for the original print
=648  \0$a18th Century (1701-1800)$1http://www.wikidata.org/entity/Q7015$920899
=650  \0$aViolin$1http://www.wikidata.org/entity/Q8355$92783
=650  \0$aMethod$1http://www.wikidata.org/entity/Q2250960$921402
=651  \0$aSalzburg (Austria)$1http://www.wikidata.org/entity/Q34713$921433
=700  \\$4edt$aJung, Hans Rudolf$911909
=700  \\$4win$aOistrach, David$917645
=942  \\$cBOO
=952  \\$00$10$2ddc$40$6INS_4_000000000000000_1C_MOZA$70$8INS$915756$aORPH$bORPH$cKTS0$d2020-07-08$eKoopman$oINS4.1c MOZA$p20124657$r2021-01-12 00:00:00$w2021-01-12$yBOO
=999  \\$d15753

