=LDR  01344aam a2200229   4500
=001  15930
=005  20250120120036.0
=008  140626s1940\\\\\\\\\\\\\\\\\\\\\\0\f
=041  \\$afre
=100  \\$aClercx-Lejeune, Suzanne$d1910-1985$4aut$1http://www.wikidata.org/entity/Q3505928$916176
=245  \\$aHenri-Jacques De Croes, compositeur et maître de musique du prince Charles de Lorraine
=260  \\$aBrussels$bPalais des Académies$c1940
=300  \\$aCXXIV+92+77 pages
=534  \\$aMémoire couronné le 14 octobre 1937
=590  \\$aSa vie, ses œuvres, musique instrumentale, compositions religieuses. Lettres et documents, catalogue thématique, exemples musicaux, partitions
=600  \0$aCroes, Hendrik-Jacques de$d1705-1786$1http://www.wikidata.org/entity/Q353297$920978
=600  \0$aLorraine, Charles-Alexandre de$d1712-1780$1http://www.wikidata.org/entity/Q158232$920977
=650  \0$aMusic history$1http://www.wikidata.org/entity/Q846047$921373
=942  \\$cBOO
=952  \\$00$10$2ddc$40$6BIO_CROE_D$70$8BIO$96625$aORPH$bORPH$cKTS1_P$d2020-07-08$eKoopman$i32B12-1$l1$oBIO CROE d$p20122954$r2025-04-22 09:23:08$s2025-04-10$w2021-01-12$yBOO
=952  \\$00$10$2ddc$40$6BIO_CROE_D$70$8BIO$96626$aORPH$bORPH$cKTS1_P$d2020-07-08$eKoopman$i32B12-2$l1$oBIO CROE d$p20122953$r2025-04-22 09:22:51$s2025-04-10$w2021-01-12$yBOO
=999  \\$c15930$d15930

