=LDR  00869aam a2200193   4500
=001  15937
=005  20250120120629.0
=008  221103s1976\\\\nl\f||||\||||\00|\0\dut\d
=041  \\$adut
=100  \\$aHarst, J. J. Hans van der$4aut$911417
=245  \\$aHeringebruikname van het door de Gebrs. Vermeulen Weert gerestaureerde van Hirtum orgel in de St. Wilibrorduskerk te Diessen
=260  \\$aWeert$bGebrs. Vermeulen$c1970
=300  \\$a3 pages
=650  \0$aOrgan$1http://www.wikidata.org/entity/Q1444$92810
=650  \0$aOrganology$1http://www.wikidata.org/entity/Q899293$921400
=651  \0$aDiessen (Netherlands)$1http://www.wikidata.org/entity/Q3027519$925255
=942  \\$cBOO
=952  \\$00$10$2ddc$40$6INS_3_000000000000000_1E_NL_DIE$70$8INS$915943$aORPH$bORPH$cKTS0$d2020-07-08$eKoopman$i28E25$l0$oINS3.1e NL.DIE$p20130458$r2021-01-12 00:00:00$w2021-01-12$yBOO
=999  \\$d15937

