=LDR  00779aam a2200181   4500
=001  15938
=005  20250120120926.0
=008  201116s1974\\\\nl\a\\\\\\\\\\\\\\0\dut\d
=041  \\$adut
=100  \\$aHarst, J. J. Hans van der$4aut$911417
=245  \\$aHeringebruikname van het door gebrs. Vermeulen te Weert gerestaureerde orgel in de kerk van St. Jan de Doper te Mechelen
=300  \\$a2 pages
=610  \0$aSint-Jan de Doperkerk (Mechelen, Netherlands)$926590
=650  \0$1http://www.wikidata.org/entity/Q1444$aOrgan$92810
=651  \0$926591$aMechelen (Netherlands)
=942  \\$cBOO
=952  \\$00$10$2ddc$40$6INS_3_000000000000000_1E_NL_MEC$70$8INS$915944$aORPH$bORPH$cKTS0$d2020-07-08$eKoopman$i28E25 XXVI$l0$oINS3.1e NL.MEC$p20130435$r2021-01-12 00:00:00$w2021-01-12$yBOO
=999  \\$d15938

