=LDR  00952aam a2200193   4500
=001  15939
=008  201116s1973\\\\nl\fa\\\\\\\\\\\\\0\dut\d
=041  \\$adut
=100  \\$aHarst, J. J. Hans van der$4aut$911417
=245  \\$aHeringebruikname van het gerestaureerde orgel in de grote kerk der Ned. Herv. Gemeente op de Markt te Vlaardingen op Vrijdag 23 nov. 1973 te 19.30 uur
=260  \\$a1973
=300  \\$a13 pages
=610  \0$aGrote Kerk (Vlaardingen, Netherlands)$1http://www.wikidata.org/entity/Q2154512$91248
=650  \0$aOrgan$1http://www.wikidata.org/entity/Q1444$92810
=650  \0$aOrganology$1http://www.wikidata.org/entity/Q899293$921400
=651  \0$aVlaardingen (Netherlands)$1http://www.wikidata.org/entity/Q210007$925529
=942  \\$cBOO
=952  \\$00$10$2ddc$40$6INS_3_000000000000000_1E_NL_VLA$70$8INS$915945$aORPH$bORPH$cKTS0$d2020-07-08$eKoopman$i28E25 XXXXV$l0$oINS3.1e NL.VLA$p20130452$r2021-01-12 00:00:00$w2021-01-12$yBOO
=999  \\$d15939

