=LDR  00720aam a2200169   4500
=001  15940
=008  201116s1972\\\\nl\a\\\\\\\\\\\\\\0\dut\d
=041  \\$adut
=100  \\$aHarst, J. J. Hans van der$4aut$911417
=245  \\$aHeringebruikname van het gerestaureerde orgel in de kerk van de H. Victor Parochie te Neerloon
=300  \\$a3 pages
=610  \0$aSint-Victorkerk (Neerloon, Netherlands)$926586
=650  \0$1http://www.wikidata.org/entity/Q1444$aOrgan$92810
=651  \0$aNeerloon (Netherlands)$926587
=942  \\$cBOO
=952  \\$00$10$2ddc$40$6INS_3_000000000000000_1E_NL_NEE$70$8INS$915946$aORPH$bORPH$cKTS0$d2020-07-08$eKoopman$i28E25 XXVIII$l0$oINS3.1e NL.NEE$p20130437$r2021-01-12 00:00:00$w2021-01-12$yBOO
=999  \\$d15940

