=LDR  00928aam a2200193   4500
=001  15941
=008  201116s1971\\\\nl\a\\\\\\\\\\\\\\0\dut\d
=041  \\$adut
=100  \\$aHarst, J. J. Hans van der$4aut$911417
=245  \\$aHeringebruikname van het gerestaureerde orgel in de kerk van St-Antonius-Abt te Overlangel (ge. Ravenstein)
=260  \\$aRavenstein$c1971
=300  \\$a2 pages
=610  \0$aSint Anthonius Kerk (Overlangel, Netherlands)$1http://www.wikidata.org/entity/Q17439346$925517
=650  \0$aOrganology$1http://www.wikidata.org/entity/Q899293$921400
=650  \0$aOrgan$1http://www.wikidata.org/entity/Q1444$92810
=651  \0$aRavenstein (Netherlands)$1http://www.wikidata.org/entity/Q552513$925518
=942  \\$cBOO
=952  \\$00$10$2ddc$40$6INS_3_000000000000000_1E_NL_RAV$70$8INS$915947$aORPH$bORPH$cKTS0$d2020-07-08$eKoopman$i28E25 XXXV$l0$oINS3.1e NL.RAV$p20130444$r2021-01-12 00:00:00$w2021-01-12$yBOO
=999  \\$d15941

