=LDR  00766aam a2200193   4500
=001  15942
=005  20250120120926.0
=008  201116s1971\\\\nl\a\\\\\\\\\\\\\\0\dut\d
=041  \\$adut
=100  \\$4aut$913703$as.n.
=245  \\$aHeringebruikname van het gerestaureerde orgel in de kerk van St. Antonius Abt te Schayk
=260  \\$aWeert$bGebrs. Vermeulen$c1971
=300  \\$a2 pages
=610  \0$aAntonius Abtkerk (Schaijk, Netherlands)$926594
=650  \0$1http://www.wikidata.org/entity/Q1444$aOrgan$92810
=651  \0$aSchayk (Netherlands)$926595
=942  \\$cBOO
=952  \\$00$10$2ddc$40$6INS_3_000000000000000_1E_NL_SCH3$70$8INS$915948$aORPH$bORPH$cKTS0$d2020-07-08$eKoopman$i28E25 XXXIX$l0$oINS3.1e NL.SCH3$p20130446$r2021-01-12 00:00:00$w2021-01-12$yBOO
=999  \\$d15942

