=LDR  00942aam a2200205   4500
=001  15943
=005  20250120120902.0
=008  201116s1970\\\\nl\a\\\\\\\\\\\\\\0\dut\d
=041  \\$adut
=100  \\$aHarst, J. J. Hans van der$4aut$911417
=245  \\$aHeringebruikname van het gerestaureerde orgel in de kerk van St. Henricus te Clinge Z. Vl.
=260  \\$aWeert$bGebrs. Vermeulen$c1970
=300  \\$a3 pages
=610  \0$aSint-Henricuskerk (Clinge, Netherlands)$1http://www.wikidata.org/entity/Q17460204$925472
=650  \0$aOrganology$1http://www.wikidata.org/entity/Q899293$921400
=650  \0$aOrgan$1http://www.wikidata.org/entity/Q1444$92810
=651  \0$aClinge (Netherlands)$1http://www.wikidata.org/entity/Q1915621$925473
=942  \\$cBOO
=952  \\$00$10$2ddc$40$6INS_3_000000000000000_1E_NL_CLI$70$8INS$915949$aORPH$bORPH$cKTS0$d2020-07-08$eKoopman$i28E25 IX$l0$oINS3.1e NL.CLI$p20130457$r2021-01-12 00:00:00$w2021-01-12$yBOO
=999  \\$d15943

