=LDR  00945aam a2200205   4500
=001  15944
=005  20250120120630.0
=008  201116s1969\\\\nl\f\\\\\\\\\\\\\\0\dut\d
=041  \\$adut
=100  \\$aHarst, J. J. Hans van der$4aut$911417
=245  \\$aHeringebruikname van het gerestaureerde orgel in de kerk van St. Petrus banden te Hilvarenbeek
=260  \\$aVenlo$c1969
=300  \\$a9 pages
=610  \0$aSint-Petrus' Bandenkerk (Hilvarenbeek, Netherlands)$1http://www.wikidata.org/entity/Q2173016$925302
=650  \0$aOrgan$1http://www.wikidata.org/entity/Q1444$92810
=650  \0$aOrganology$1http://www.wikidata.org/entity/Q899293$921400
=651  \0$aHilvarenbeek (Netherlands)$1http://www.wikidata.org/entity/Q9846$925301
=942  \\$cBOO
=952  \\$00$10$2ddc$40$6INS_3_000000000000000_1E_NL_HIL2$70$8INS$915950$aORPH$bORPH$cKTS0$d2020-07-08$eKoopman$i28E25 XXI$l0$oINS3.1e Nl.HIL2$p20130430$r2021-01-12 00:00:00$w2021-01-12$yBOO
=999  \\$d15944

