=LDR  00998aam a2200205   4500
=001  15945
=008  201116s1963\\\\nl\a\\\\\\\\\\\\\\0\dut\d
=041  \\$adut
=100  \\$aVermeulen, Gebroeders$4aut$917802
=245  \\$aHeringebruikname van het monumentaal orgel der St. Lambertus parochiekerk te Someren
=260  \\$aWeert$bGebrs. Vermeulen$c1963
=300  \\$a4 pages
=600  \0$aSmits, Franciscus Cornelius$1http://www.wikidata.org/entity/Q2088187$925500
=610  \0$aSint-Lambertuskerk (Someren, Netherlands)$1http://www.wikidata.org/entity/Q43169197$925498
=650  \0$aOrgan$1http://www.wikidata.org/entity/Q1444$92810
=650  \0$aOrganology$1http://www.wikidata.org/entity/Q899293$921400
=651  \0$aSomeren (Netherlands)$1http://www.wikidata.org/entity/Q9868$925499
=942  \\$cBOO
=952  \\$00$10$2ddc$40$6INS_3_000000000000000_1E_NL_SOM$70$8INS$915951$aORPH$bORPH$cKTS0$d2020-07-08$eKoopman$i28E25 XXXXI$l0$oINS3.1e NL.SOM$p20130448$r2021-01-12 00:00:00$w2021-01-12$yBOO
=999  \\$d15945

