=LDR  00840aam a2200205   4500
=001  15988
=005  20251003090259.0
=008  201116|\\\\\\\\nl\a\\\\\\\\\\\\\\0\dut\d
=041  \\$adut
=100  \\$aJansen, Albert$4aut$919438
=245  \\$aHistorische orgels in Ootmarsum
=260  \\$aElburg$bStichting tot behoud van het Nederlandse Orgel
=300  \\$a31 pages
=610  \0$aH.H. Simon en Judaskerk (Ootmarsum, Netherlands)$926597
=650  \0$1http://www.wikidata.org/entity/Q1444$aOrgan$92810
=651  \0$aOotmarsum (Netherlands)$926596
=710  \\$aStichting tot Behoud van het Nederlandse Orgel (Netherlands)$926579
=942  \\$cBOO
=952  \\$00$10$2ddc$40$6INS_3_000000000000000_1A_NL_OOT$70$8INS$915994$aORPH$bORPH$cKTS0$d2020-07-08$eKoopman$i28E25 XXXII$l0$oINS3.1a NL.OOT$p20130441$r2021-01-12 00:00:00$w2021-01-12$yBOO
=999  \\$d15988

