=LDR  00855aam a2200205   4500
=001  16002
=005  20251021114816.0
=008  220614s1972\\\\-uk\||||\||||\00|\0\eng\d
=041  \\$aeng
=245  \\$aA History of Ripon Cathedral Organ
=260  \\$as.l.$bPrivately published$c1972
=300  \\$a10 pages
=336  \\$aprinted
=610  \0$aRipon Cathedral (United Kingdom)$1http://www.wikidata.org/entity/Q638466$924355
=650  \0$aOrgan$1http://www.wikidata.org/entity/Q1444$92810
=650  \0$aOrganology$1http://www.wikidata.org/entity/Q899293$921400
=651  \0$aRipon (North Yorkshire, United Kingdom)$1http://www.wikidata.org/entity/Q661529$924354
=942  \\$cBOO
=952  \\$00$10$2ddc$40$6INS_3_000000000000000_1E_GB_RIP$70$8INS$916008$aORPH$bORPH$cKTS0$d2020-07-08$eKoopman$oINS3.1e GB.RIP$p20130412$r2021-01-12 00:00:00$w2021-01-12$yBOO
=999  \\$d16002

