=LDR  01806aam a2200265   4500
=001  16024
=005  20250120120159.0
=008  120328s1997\\\\\\\\\\\\\\\\\\\\\\0\dut
=020  \\$a9789025729646
=041  \\$adut
=245  \\$aHet honderd componisten boek:$bNederlandse muziek van Albicastro tot Zweers
=246  1\$aHonderdComponistenBoek
=260  \\$aHaarlem$bGottmer$c1997
=300  \\$a397 pages
=520  \\$aHet HonderdComponistenBoek is een naslagwerk dat honderd vooraanstaande Nederlandse componisten van 16OO tot heden bijeenbrengt. In begrijpelijke en onderhoudende artikelen van circa duizend woorden wordt telkens één componist tot onderwerp genomen. Behalve relevante gegevens over leven en werk biedt het boek per componist ook een overzicht van diens muzikale werken en cd-opnamen daarvan. Dit naslagwerk ontstond op initiatief van Centrum Nederlandse Muziek en beoogt vier eeuwen componeren in Nederland levendig in beeld te brengen. De auteurs, meer dan veertig specialisten uit de muziekjournalistieke en muziekwetenschappelijke wereld, hebben zo actueel mogelijke componistenportretten geschetst en de nieuwste musicologische ontdekkingen in hun artikelen verwerkt.

=648  \0$1http://www.wikidata.org/entity/Q192630$aPast$922196
=650  \0$1http://www.wikidata.org/entity/Q846047$aMusic history$921373
=650  \0$1http://www.wikidata.org/entity/Q36834$aComposer$93625
=650  \0$1http://www.wikidata.org/entity/Q36279$aBiography$91927
=651  \0$1http://www.wikidata.org/entity/Q55$aNetherlands$9173
=700  \\$4edt$917863$aHiu, Pay-Uun
=700  \\$4edt$920535$aKlis, Jolande van der
=942  \\$cBOO
=952  \\$00$10$2ddc$40$6TOP_NL$70$8TOP$916030$aORPH$bORPH$cKTS0$d2020-07-08$eKoopman$i47E10$l0$oTOP NL$p20130571$r2021-01-12 00:00:00$w2021-01-12$yBOO
=999  \\$d16024

