=LDR  01441aam a2200313   4500
=001  16086
=005  20250121142131.0
=008  201111s2000\\\\gw\af\\\\\\\\\\\\\0\ger
=020  \\$a3895121096
=041  \\$ager
=245  \\$aIkonographische Zeugnisse zu Musikinstrumenten in Mitteleuropa
=260  \\$aBlankenburg$bStiftung Kloster Michaelstein$c2000
=300  \\$a204 pages
=490  \\$aMichaelstein Konferenzberichte$v58
=520  \\$a18. Musikinstrumentenbau-Symposium in Michaelstein
21. bis 23. November 1997
=561  \\$aEx Libris Ton Koopman
=648  \0$a16th Century (1501-1600)$1http://www.wikidata.org/entity/Q7017$920944
=648  \0$a17th Century (1601-1700)$1http://www.wikidata.org/entity/Q7016$920923
=648  \0$a18th Century (1701-1800)$1http://www.wikidata.org/entity/Q7015$920899
=648  \0$a19th Century (1801-1900)$1http://www.wikidata.org/entity/Q6955$920935
=650  \0$aIconography$1http://www.wikidata.org/entity/Q208145$921259
=651  \0$aEurope$1http://www.wikidata.org/entity/Q46$991
=700  \\$4aut$aFleischhauer, Günter$d1928-2002$1http://www.wikidata.org/entity/Q72937039$910889
=700  \\$4aut$aLustig, Monika$917540
=700  \\$4aut$aRuf, Wolfgang$916842
=700  \\$4aut$aZschoch, Frieder$916844
=942  \\$cBOO
=952  \\$00$10$2ddc$40$6INS_1A$70$8INS$916094$aORPH$bORPH$cKTS0$d2020-07-08$eKoopman$l1$oINS1a$p20130186$r2021-10-18 00:00:00$s2021-10-18$w2021-01-12$yBOO
=999  \\$d16086

