=LDR  01101aam a2200253   4500
=001  16094
=005  20250923135130.0
=008  201111s1975\\\\\\\oca\\\\\\\\\\\\0\eng\d
=041  \\$aeng
=100  \\$aLambert, John$4aut$917930
=245  \\$aIllustrated guide to St James's Church Piccadilly
=250  \\$a3rd ed.
=260  \\$as.l.$bs.n.$cs.d.
=300  \\$a17 pages
=610  \0$aSt James’s Church Piccadilly (London, United Kingdom)$1http://www.wikidata.org/entity/Q4893186$941322
=650  \0$aChurch$1http://www.wikidata.org/entity/Q16970$93776
=650  \0$aArchitecture$1http://www.wikidata.org/entity/Q12271$93185
=650  \0$aOrgan$1http://www.wikidata.org/entity/Q1444$92810
=650  \0$aApplied arts$1http://www.wikidata.org/entity/Q2865882$921627
=650  \0$aInterior design$1http://www.wikidata.org/entity/Q179232$921367
=651  \0$aLondon (United Kingdom)$1http://www.wikidata.org/entity/Q84$9123
=942  \\$cBOO
=952  \\$00$10$2ddc$40$6TOP_GB_LON$70$8TOP$916103$aORPH$bORPH$cKTS0$eKoopman$l0$oTOP GB.LON$p20130411$r2021-01-12 00:00:00$w2021-01-12$yBOO$d2020-07-08
=999  \\$d16094

