=LDR  01242acm a2200253   4500
=001  16149
=005  20250804160420.0
=008  181217r19861593\\\\\\f\\\\\\\\\\\0\mul\d
=020  \\$a9068530127
=041  \\$adut$aeng
=100  \\$4cmp$aRore, Cipriano de$d1515/16-1565$1http://www.wikidata.org/entity/Q316074$918024
=245  \\$aIl primo libro di madrigali cromatici a cinque voci
=250  \\$afacs. ed.
=260  \\$aBrussels$bKoninklijke Bibliotheek 'Albert I'$c1986
=300  \\$a6 parts ([10]+39+39+39+39+39 pages)$coblong
=648  \0$a16th Century (1501-1600)$1http://www.wikidata.org/entity/Q7017$920944
=650  \0$aVocal music$1http://www.wikidata.org/entity/Q685884$93319
=650  \0$aMadrigal$1http://www.wikidata.org/entity/Q193217$921649
=651  \0$aItaly$1http://www.wikidata.org/entity/Q38$922
=700  1\$aMoens-Haenen, Greta$1http://www.wikidata.org/entity/Q1545947$4win$912798
=942  \\$cSCO
=952  \\$00$10$2ddc$40$6SCO_S_RORE$70$8SCO$916159$aORPH$bORPH$cKTS1_H$l0$oSCO S RORE$p20144409$r2021-01-12 00:00:00$w2021-01-12$ySCO$d2020-07-08
=952  \\$00$10$2ddc$40$6SCO_S_RORE$70$8SCO$927376$aORPH$bORPH$cKTS1_H$d2020-07-08$eKoopman$i13J02$l0$oSCO S RORE$p20127106$r2025-08-04 16:06:35$w2021-01-12$ySCO
=999  \\$d16149

