=LDR  02315aam a2200289   4500
=001  16150
=005  20250820130745.0
=008  131113r19691593it\hg\\\\\\\\\\\\\0\ita\d
=041  \\$aita
=100  \\$aDiruta, Girolamo$d1554-1609$1http://www.wikidata.org/entity/Q1387558$4aut$918025
=245  \\$aIl Transilvano.$bDialogo sopra il vero modo di sonar organi, et istrumenti da penna
=260  \\$aBologna$bForni$c1969
=300  \\$a36-21-36-12-25 pages
=490  \\$aBibliotheca Musica Bononiensis. Sezione II$v132
=561  \\$aEx Libris Ton Koopman
=590  \\$aDell'ordine dei Frati Minori Conv. di San Francesco. Organista del Duomo di Chioggia. Seconda Parte del Transilvano. Dialogo diviso in quattro libri del R.P. Girolamo Diruta perugino, Minor Conventuale di San Francesco, Organista del Duomo d'Agobbio. Il Secondo Libro del Transilvano. Dialogo nel quale si tratta il modo fi far la Fantasia sopra l'Instrumento da Tasti, Con una breve, et facile Regola del Contrapunto commune, et osservato. Il Terzo Libro del Transilvano. Dialogo nel quale si dimostra la vera formatione, cognitione, e trasportatione di tutti i Tuoni, sì del canto Figurato, come anco del Canto fermo: cosa appartenente ad ogni Organista per lasciare in Tuono al Choro. Il Quarto Libro del Transilvano. Dialogo nel quale si comprendono tutte le finitioni de gl'Inni, e dei Magnificat Musicali, et anco de i canti fermi appartenenti per rispondere al Choro.  Et il modo di accompagnare li Registri dell'Organo.
=648  \0$a16th Century (1501-1600)$1http://www.wikidata.org/entity/Q7017$920944
=650  \0$aMethod$1http://www.wikidata.org/entity/Q2250960$921402
=650  \0$aOrgan$1http://www.wikidata.org/entity/Q1444$92810
=650  \0$aKeyboard instrument$1http://www.wikidata.org/entity/Q52954$92849
=650  \0$aDiminution$1http://www.wikidata.org/entity/Q1225810$922454
=650  \0$aFantasia$1http://www.wikidata.org/entity/Q836571$921930
=651  \0$aPerugia (Italy)$1http://www.wikidata.org/entity/Q3437$926762
=942  \\$cBOO
=952  \\$00$10$2ddc$40$6INS_3C$70$8INS$916160$aORPH$bORPH$cKTS0$d2020-07-08$eKoopman$i13F17$oINS3c$p20124382$r2021-01-12 00:00:00$w2021-01-12$yBOO
=952  \\$00$10$40$70$8COLL_UNK$916161$aORPH$bORPH$cLOC_UNK$l0$p20114181$r2021-01-12 00:00:00$w2021-01-12$yBOO$d2020-07-08
=999  \\$d16150

