=LDR  00648aam a2200181   4500
=001  16258
=005  20250120120054.0
=008  201111s2004\\\\\\\\\\\\\\\\\\\\\\0\d
=020  \\$a3895121266
=041  \\$ad
=100  \\$4edt$aSiegmund, Bert$916843
=245  \\$aIntermezzi per musica - Johann Adolf Hasse zum 300. Geburtstag
=260  \\$aBlankenburg$bStiftung Kloster Michaeltstein$c2004
=300  \\$a121
=490  \\$aMichaelstein Konferenzberichte$v61
=942  \\$cBOO
=952  \\$00$10$2ddc$40$6BIO_HASS2_E$70$8BIO$916273$aORPH$bORPH$cKTS1_P$d2020-07-08$eKoopman$iTS Michaelst$oBIO HASS2 e$p20130358$r2021-01-12 00:00:00$w2021-01-12$yBOO
=999  \\$c16258$d16258

