=LDR  00804aam a2200193   4500
=001  16259
=005  20250605143643.0
=008  201116s1976\\\\nl\a\\\\\\\\\\\\\\0\dut\d
=041  \\$adut
=100  \\$aSteemers, J. G. A.$4aut$918104
=245  \\$aInternationale orgeldagen Rijnstreek te Nijmegen
=260  \\$aNijmegen$bStichting nationale orgeldagen Rijnstreek$c1976
=300  \\$a 24 pages
=610  \0$923686$aStevenskerk (Nijmegen, Netherlands)
=650  \0$1http://www.wikidata.org/entity/Q1444$aOrgan$92810
=651  \0$1http://www.wikidata.org/entity/Q47887$aNijmegen (Netherlands)$921708
=942  \\$cBOO
=952  \\$00$10$2ddc$40$6INS_3_000000000000000_1E_NL_NIJ$70$8INS$916274$aORPH$bORPH$cKTS0$d2020-07-08$eKoopman$i28E25 XXX$l0$oINS3.1e NL.NIJ$p20130439$r2021-01-12 00:00:00$w2021-01-12$yBOO
=999  \\$d16259

