=LDR  01239aam a2200217   4500
=001  16282
=005  20250120120340.0
=008  131113r19661674\\\\\\\\\\\\\\\\\\0\eng
=041  \\$aeng
=100  \\$4aut$aPlayford, John$d1623-1686?$1http://www.wikidata.org/entity/Q1282455$95782
=245  \\$aAn Introduction to the Skill of Musick
=260  \\$aRidgewood, NJ$bThe Gregg Press Incorporated$c1966
=300  \\$a121-42 pages
=500  \\$aAn Introduction to the Skill of Musick by John Playford to which is added, The art of Descant, or Composing Musick in Parts by Thomas Campion
=700  \\$4aut$aCampion, Thomas$d1567-1620$1http://www.wikidata.org/entity/Q455618$910089
=942  \\$cBOO
=952  \\$00$10$2ddc$40$6TRE_PLAY$70$8TRE$916298$aORPH$bORPH$cKTS1_H$d2020-07-08$eKoopman$i13H10$l0$oTRE PLAY$p20124979$r2021-01-12 00:00:00$w2021-01-12$yBOO
=952  \\$00$10$2ddc$40$6TRE_PLAY$70$8TRE$920115$aORPH$bORPH$cKTS1_H$d2020-07-08$eThwaites$l0$oTRE PLAY$p20130054$r2021-04-30 00:00:00$w2021-04-30$yBOO
=952  \\$00$10$2ddc$40$6TRE_PLAY$70$8TRE$920116$aORPH$bORPH$cKTS1_H$d2020-07-08$eHuys$l0$oTRE PLAY$p20135790$r2021-04-30 00:00:00$w2021-04-30$yBOO
=999  \\$c16282$d16282
=650  \0$aMusic theory$1http://www.wikidata.org/entity/Q193544$92662

