=LDR  03458aam a2200229   4500
=001  16315
=008  201111s2006\\\\gw\ag\\\\\\\\\\\\\0\ger
=041  \\$ager
=245  \\$aJagd- und Waldhörner: Geschichte und musikalische Nutzung.$b25. Musikinstrumentenbau-Symposium Michaelstein, 8. bis 10. Oktober 2004
=260  \\$aBlankenburg$bStiftung Kloster Michaelstein$c2006
=300  \\$a480 pages
=490  \\$aMichaelstein Konferenzberichte$v70
=505  \\$gSocial and political perspectives in the early history of the horn / Renato Meucci
The horn in France : from the olifant to the orchestra / Michel Garcin-Marrou
The horn in seventeenth and eighteenth century France : iconography related to performances and musical works / Florence Gétreau
Das Horn auf dem Porträt von Frédéric Duvernoy / Ulrich Hübner
Hand and valve : Joseph Émile Meifred's Méthode pour le cor chromatique ou à pistons and early valved horn performance and pedagogy in nineteenth century France / Jeffrey Snedeker
Das Horn in Mitteldeutschland bis um 1720 / Reine Dahlqvist
Instrumentales Idiom und musikalische Physiognomie : Grundzüge der Verwendung von Hörnen im Werk Georg Philipp Telemanns / Klaus Aringer
"2 clarini o 2 corni da caccia" : zur Frage der Austauschbarkeit von Trompete und Horn in der Barockmusik / Christian Ahrens
Horn oder Trompete? : ein Instrument von Johann Carl Kodisch, Nürnberg 1684 / Sabine K. Klaus
Die Familie Eschenbach und ihre Bedeutung für den vogtländischen und deutschen Metallblasinstrumentenbau / Enrico Weller
Deutsche Hornisten und Horninstrumentenbauer in ihrem Wirken im östlichen Europa des 18. Jahrhunderts / Klaus-Peter Koch
Horns and horn makers in Bohemia and Moravia in the eighteenth and nineteenth centuries / Michaela Freemanová
Zur Geschichte des Waldhorns in der Slowakei / Eva Szórádová
Extraordinary horn writing in the Egerton manuscript collection : a contribution to the history of the horn in mid-eighteenth century England / Thomas Hiebert
"Nomen est omen" : the "French horn" in England during the nineteenth and first half of the twentieth century / Bradley Strauchen-Scherer
The development of horn writing in Italy during the eighteenth century / Gabriele Rocchetti
The introduction of the horn in Spain : "cante la trompa de guerra" / Josep Antoni Alberola Verdú
Jagd- und Waldhörner in niedersächsischen Museen / Monika Lustig
Corno bzw. tromba da caccia / Rainer Egger
The internal evolution of the French horn and the trompe / Arnold Myers
An acoustical comparison of typical French and German hand horns / Robert Pyle
Das Wiener Horn : Bindeglied zwischen Naturhorn und modernem Doppelhorn / Gregor Widholm
Der Werkstoff Messing im Musikinstrumentenbau vom 16. bis zum Ende des 18. Jahrhunderts / Karl F. Hachenberg
Historical horn making from the perspective of a player/maker / Richard Seraphinoff

=650  \0$aOrganology$1http://www.wikidata.org/entity/Q899293$921400
=650  \0$aMusic history$1http://www.wikidata.org/entity/Q846047$921373
=650  \0$aHorn$1http://www.wikidata.org/entity/Q163759$922458
=700  \\$4edt$aSchmuhl, Boje E. Hans$917342
=700  \\$4edt$aLustig, Monika$917540
=710  2\$aStiftung Kloster Michaelstein (Germany)$1https://www.wikidata.org/wiki/Q1441940$926321
=942  \\$cBOO
=952  \\$00$10$2ddc$40$6INS_7_000000000000000_2A$70$8INS$916331$aORPH$bORPH$cKTS0$d2020-07-08$eKoopman$oINS7.2a$p20130193$r2021-01-12 00:00:00$w2021-01-12$yBOO
=999  \\$d16315

