=LDR  00528aam a2200157   4500
=001  16340
=005  20250120120129.0
=008  150702s1950\\\\\\\\\\\\\\\\\\\\\\0\f
=041  \\$afre
=100  \\$aViollier, Renée$4aut$918159
=245  \\$aJean-Joseph Mouret: Le musicien des graces
=260  \\$aParis$bLibrairie Floury$c1950
=300  \\$a233
=942  \\$cBOO
=952  \\$00$10$2ddc$40$6BIO_MOUR_D$70$8BIO$916356$aORPH$bORPH$cKTS1_P$eKoopman$i31A20$l0$oBIO MOUR d$p20121152$r2021-01-12 00:00:00$w2021-01-12$yBOO$d2020-07-08
=999  \\$c16340$d16340

