=LDR  01105aam a2200241   4500
=001  16356
=005  20250210102244.0
=008  181217s1955\\\\\\\\\\\\\\\\\\\\\\0bger\d
=041  \\$ager
=100  \\$aRuhnke, Martin$d1921-2004$4aut$914685
=245  \\$aJoachim Burmeister:$bein Beitrag zur Musiklehre um 1600
=260  \\$aKassel$aBasel$bBärenreiter$c1955
=300  \\$a181 pages
=490  \\$aSchriften des Landesinstituts für Musikforschung Kiel$v5
=600  \0$aBurmeister, Joachim$d1564-1629$1http://www.wikidata.org/entity/Q359148$918188
=648  \0$a16th Century (1501-1600)$1http://www.wikidata.org/entity/Q7017$920944
=648  \0$a17th Century (1601-1700)$1http://www.wikidata.org/entity/Q7016$920923
=650  \0$aMusic theory$1http://www.wikidata.org/entity/Q193544$92662
=650  \0$aRhetoric$1http://www.wikidata.org/entity/Q81009$93894
=651  \0$aGermany$1http://www.wikidata.org/entity/Q183$9155
=942  \\$cBOO
=952  \\$00$10$2ddc$40$6BIO_BURM_E$70$8BIO$910575$aORPH$bORPH$cKTS1_P$d2020-07-08$eKoopman$i43F25$oBIO BURM e$p20130221$r2021-01-12 00:00:00$w2021-01-12$yBOO
=999  \\$d16356

