=LDR  00766aam a2200193   4500
=001  16520
=005  20250120120203.0
=008  201111s1978\\\\\\\oa\\\\\\\\\\\\\0\dut\d
=041  \\$adut
=100  \\$aMeester, J. De$4aut$918286
=245  \\$aKerk van O.-L.-Vrouw-Hemelvaart Wulveringem-Beauvoorde
=300  \\$a4 pages$bpasted photo
=500  \\$apasted postcard with photo of the church organ (Vanderhaeghen J.J)
=650  \0$aChurch$1http://www.wikidata.org/entity/Q16970$93776
=650  \0$aOrgan$1http://www.wikidata.org/entity/Q1444$92810
=651  \0$aBeauvoorde (Belgium)$939421
=942  \\$cEPH
=952  \\$00$10$2ddc$40$6TOP_BE_BEA$70$8TOP$916540$aORPH$bORPH$cKTS0$eKoopman$i28E26$l0$oTOP BE.BEA$p20130383$r2021-01-12 00:00:00$w2021-01-12$yEPH$d2020-07-08
=999  \\$d16520

