=LDR  01871aam a2200181   4500
=001  16570
=005  20250120120048.0
=008  120301s2007\\\\\\\\\\\\\\\\\\\\\\0\d
=020  \\$a9783936000665
=041  \\$ager
=100  \\$aRebstock, Matthias$4aut$916585
=245  \\$aKomposition zwischen Musik und Theater: Das instrumentale Theater von Mauricio Kagel zwischen 1959 und 1965
=260  \\$aHofheim$bWolke$c2007
=300  \\$a376
=520  \\$aDas instrumentale Theater von Mauricio Kagel gehört zu den wichtigsten Erscheinungen im bereich des Neuen Musiktheaters und prägt es bis heute. In den Anfangsjahren, zwischen 1959 und 1965, untersucht Kagel geradezu systematisch und in immer neuen Versuchsanordnungen, wie die Beziehungen zwischen Hörbarem und Sichtbarem Gegenstand von Komposition werden können.

Das Buch leistet eine umfassende Darstellung dieses frühen instrumentalen Theaters. Die Phänomene werden historisch eingeordnet, wobei ein besonderer Akzent auf Kagels ästhetischer Sozialisation im Buenos Aires der vierziger und fünfziger Jahre liegt. Die einzelnen Kompositionen werden beschrieben und die Grundmotive einer Ästhetik des instrumentalen Theaters entwickelt. Eine zentrale Stelle nimmt zudem die Frage ein, wie in den Analysen dem Umstand Rechnung getragen werden kann, dass im instrumentalen Theater Kagels auch die visuelle Dimension strukturelle Bedeutung hat und Kagel mithin intermedial komponiert.

Schließlich konnte der Autor für dieses Buch erstmals das gesamte Skizzenmaterial, das in der Paul Sacher Stiftung in Basel liegt, einbeziehen, wodurch sich ein völlig neuer Blick auf Kagels Kompositionsbegriff ergibt.
=942  \\$cBOO
=952  \\$00$10$2ddc$40$6BIO_KAGE_E$70$8BIO$916591$aORPH$bORPH$cKTS1_P$d2020-07-08$eKoopman$g29.00$l1$oBIO KAGE e$p20129877$r2023-01-24 00:00:00$s2023-01-12$w2021-01-12$yBOO$Vamazon.de
=999  \\$c16570$d16570

