=LDR  02432aam a2200349   4500
=001  16629
=005  20250925143303.0
=008  170118s1965\\\\\\\\\\\\\\\\\\\\\\0\eng
=041  \\$aeng$hfre
=100  \\$4aut$aLandowska, Wanda$d1879-1959$1http://www.wikidata.org/entity/Q160257$95780
=245  \\$aLandowska on Music
=250  \\$a1st ed.
=260  \\$aLondon$bSecker & Warburg$c1965
=300  \\$a434 pages
=500  \\$aDenise Restout was entrusted with Landowska's estate in 1959.
=504  \\$aLandowska's Discography p. 411; Index, p. 425
=505  \\$gPart One: Musique ancienne -- Part Two: On the Interpretation of Johann Sebastian Bach's Keyboard Works -- George Frederic Handel -- Domenico Scarlatti -- A Glorious Trinity -- French Music of the Past -- Polish Music of the Past -- English Music of the Past -- The Gallant Style -- Part Three: Thoughts on Modern Music -- Is Music of the Past UNnderstood Today? -- The Making of an Interpreter -- Reflections on Some Problems of Interpretation -- The Mysteries of Interpretation
=520  \\$aAcknowledged by many as the high priestess of the harpsichord, Landowska long reigned as the godmother of 20th-century harpsichordists, through the direct influence she held over them, the power of her personality, and her active, lifelong career that symbolized the resurrection of the harpsichord.

=561  \\$a"To Roberto. All good wishes, may this book surprise you in the years to come. Mom & Dad"
=590  \\$aCollected, edited, and translated by Denise Restout. Assisted by Robert Hawkins
=648  \0$a20th Century (1901-2000)$1http://www.wikidata.org/entity/Q6927$920936
=650  \0$aEarly music$1http://www.wikidata.org/entity/Q436016$93160
=650  \0$aHistorically informed performance$1http://www.wikidata.org/entity/Q1344860$920980
=650  \0$aInstrumentalist$1http://www.wikidata.org/entity/Q1278335$921706
=650  \0$aFemale$1http://www.wikidata.org/entity/Q6581072$921764
=650  \0$aHarpsichord$1http://www.wikidata.org/entity/Q81982$92125
=651  \0$aParis (France)$1http://www.wikidata.org/entity/Q90$9160
=700  \\$4trl$4edt$aRestout, Denise$d1915-2004$1http://www.wikidata.org/entity/Q1977202$918361
=700  \\$4edt$aHawkins, Robert$918362
=942  \\$cBOO
=952  \\$00$10$2ddc$40$6TRE_LAND$70$8TRE$916651$aORPH$bORPH$cKTS1_H$d2020-07-08$eKoopman$i23F50$oTRE LAND$p20128657$r2021-01-12 00:00:00$w2021-01-12$yBOO
=999  \\$d16629

