=LDR  00713aam a2200181   4500
=001  16718
=008  221128|\\\\\\\\fr\af|||\||||\00|\0\por\d
=041  \\$apor
=100  \\$4aut$aCoutaz, Bernard$916122
=245  \\$aLisboa reconquistada
=260  \\$aParis$bHarmonia Mundi
=300  \\$a32 pages
=650  \0$aOrgan$1http://www.wikidata.org/entity/Q1444$92810
=650  \0$aOrganology$1http://www.wikidata.org/entity/Q899293$921400
=651  \0$aLisbon (Portugal)$1http://www.wikidata.org/entity/Q597$9249
=942  \\$cBOO
=952  \\$00$10$2ddc$40$6INS_3_000000000000000_1A_PT_LIS$70$8INS$916742$aORPH$bORPH$cKTS0$d2020-07-08$eKoopman$i28E26 XII$l0$oINS3.1a PT.LIS$p20130392$r2021-01-12 00:00:00$w2021-01-12$yBOO
=999  \\$d16718

