=LDR  01746aam a2200313   4500
=001  16790
=005  20250820153550.0
=008  201007r19671832\\\\\\\\\\\\\\\\\\0\ger\d
=041  \\$ager
=100  \\$4aut$aSeyfried, Ignaz von$d1776-1841$1http://www.wikidata.org/entity/Q697804$918185
=245  \\$aLudwig van Beethovens Studien$b im Generalbasse, Contrapuncte und in der Compositions-Lehre, aus dessen handschriftlichem Nachlass gesammelt und herausgegeben
=250  \\$aRev. ed.
=260  \\$aHildesheim$bOlms$c1967
=300  \\$axii-328-203 pages
=534  \\$cVienna: Haslinger, 1832
=590  \\$aZweite revidierte und im Text vervollständigte Ausgabe von Henry Hugh Pierson.
=600  \0$aBeethoven, Ludwig van$d1770-1827$1http://www.wikidata.org/entity/Q255$95335
=648  \0$a18th Century (1701-1800)$1http://www.wikidata.org/entity/Q7015$920899
=650  \0$aMusic education$1http://www.wikidata.org/entity/Q27908$921766
=650  \0$aBasso continuo$1http://www.wikidata.org/entity/Q724321$921065
=650  \0$aCounterpoint$1http://www.wikidata.org/entity/Q186393$921487
=650  \0$aComposing$1http://www.wikidata.org/entity/Q92186587$93076
=651  \0$aVienna (Austria)$1http://www.wikidata.org/entity/Q1741$920937
=700  \\$aPierson, Henry Hugh$1http://www.wikidata.org/entity/Q97011$4edt$918476
=700  \\$aNottebohm, G.$1http://www.wikidata.org/entity/Q459805$4aft$913023
=942  \\$cBOO
=952  \\$00$10$2ddc$40$6BIO_BEET_B$70$8BIO$911089$aORPH$bORPH$cKTS1_P$d2020-07-08$eKoopman$i23B29$oBIO BEET b$p20128530$r2021-01-12 00:00:00$w2021-01-12$yBOO
=952  \\$00$10$2ddc$40$6BIO_BEET_B$70$8BIO$916814$aORPH$bORPH$cKTS1_P$d2020-07-08$g24.00$oBIO BEET b$p20130251$r2021-01-12 00:00:00$w2021-01-12$yBOO
=999  \\$d16790

