=LDR  01926aam a2200277   4500
=001  16845
=008  150506s1964\\\\\\\g\\\\\\\\\\\\\\0dfre\d
=041  \\$afre
=100  \\$aQuitin, José$4aut$913393
=245  \\$aLes maitres de chant et la maitrise de la collégiale Saint-Denis, à Liège, au temps de Grétry.$bEsquisse socio-musicologique.
=260  \\$bAcadémie royale de Belgique$c1964$aBrussels
=300  \\$a120 pages
=490  \\$aKoninklijke Academie van België , Klasse der Schone Kunsten: Verhandelingen, Verzameling in-8°. Tweede Reeks/ Académie Royale de Belgique, Classe des Beaux-Arts: Mémoires, Collection in-8°, Deuxième série$v Boek XIII, aflevering 3 / Tome XIII, fasc. 3 
=600  \0$aGrétry, André-Ernest-Modeste$d1741-1813$1http://www.wikidata.org/entity/Q210962$94756
=610  \0$aAcadémie royale des sciences, des lettres et des beaux-arts de Belgique (Brussels, Belgium)$1http://www.wikidata.org/entity/Q337580$924469
=648  \0$a18th Century (1701-1800)$1http://www.wikidata.org/entity/Q7015$920899
=650  \0$aSinging$1http://www.wikidata.org/entity/Q27939$92767
=650  \0$aMusician$1http://www.wikidata.org/entity/Q639669$93574
=650  \0$aBiography$1http://www.wikidata.org/entity/Q36279$91927
=650  \0$aChurch music$1http://www.wikidata.org/entity/Q8812109$1http://www.wikidata.org/entity/Q1065742$92283
=650  \0$aMusic history$1http://www.wikidata.org/entity/Q846047$921373
=651  \0$aLiège (Belgium)$1http://www.wikidata.org/entity/Q3992$9240
=942  \\$cBOO
=952  \\$00$10$2ddc$40$6TOP_BE_LIE_5_000000000000000$70$8TOP$910264$aORPH$bORPH$cKTS0$d2020-07-08$eKoopman$i19E33$l0$oTOP BE.LIE 5$p20125280$r2021-01-12 00:00:00$w2021-01-12$yBOO$OKoopman
=952  \\$00$10$2ddc$40$6TOP_BE_LIE_5_000000000000000$70$8TOP$916870$aORPH$bORPH$cKTS0$eHuys$g23.00$l0$oTOP BE.LIE 5$p20131014$r2021-01-12 00:00:00$w2021-01-12$yBOO$VDe lezenaar$d2020-07-08
=999  \\$d16845

