=LDR  03183aam a2200229   4500
=001  16877
=008  201111s2006\\\\gw\a\\\\\\\\\\\\\\0\ger
=020  \\$a9783895121296
=041  \\$ager
=245  \\$aMaschinen und Mechanismen in der Musik.$bXXXI. Wissenschaftliche Arbeitstagung Michaelstein, 9. bis 11. Mai 2003
=260  \\$aBlankenburg$bStiftung Kloster Michaeltstein$c2006
=300  \\$a360 pages
=490  \\$aMichaelstein Konferenzberichte$v69
=505  \\$gPythagoräisches Musiktheater : Raum-, Zeit- und Zahlenspekulationen / Wilhelm Schmidt-Biggemann
Komponierschemata und "Musikmaschinen" in einigen Theoretica des frühen 17. Jahrhunderts / Dieter Gutknecht
Athanasius Kircher und die Folgen : zum Konzept einer musikalischen Universalsprache / Michael Heinemann
Mechanismen und Freiheit in der Interpretation Alter Musik : eine rezeptions- und interpretationsgeschichtliche Studie zur Musik der 17. und 18. Jahrhunderts / Dieter Gutknecht
Zu Mechanik, Kombinatorik und Freiheit in der Komposition / Hartmut Krones
Musikalische Komposition und mechanische Interpretation im 20. Jahrhundert / Kathrin Eberl
Das Selbstspielklavier als Schnittpunkt von Mensch, Musik und Maschine : Szenarien der Jahrhundertwende / Andreas Ballstaedt
Mechanische Musik oder musikalische Mechanik : Missverständnisse bei Pianola und Reproduktionsklavier / Rex Lawson
Zur Aufführungspraxis im Trompetenensemble : Musik in vier Automaten des 16. bis 19. Jahrhunderts / Gerhard Stradner
Zur Geschichte der mechanischen Zeitgeber in der Musik / Wolfgang Auhagen
Reizbare Maschinen-Musikmaschinen : das Bild des Körpers um 1800 / Philipp Sarasin
"Der Sieg des Maschinenwesens über den Geist"? : zur Gattungsgenese der Klavieretüde / Arnfried Edler
Mechanische und organische Musik und Musikanschauung / Wilhelm Seidel
Die abendländische Musik zwischen Mensch und Maschine / Martin Elste
Weltmaschine als Musikvergnügen : die phantastische Maschine des Salomon de Caus
Über die antiken Wurzeln des Automatentheaters : Salomon de Caus und Heron aus Alexandria / Ulrike Wagner-Holzhausen
Der Mönch Theophilus und die Hochtechnologie des mittelalterlichen Kunsthandwerks / Erhard Brepohl
Die Musikmaschine des Salomon de Caus : ein Gesamtkunstwerk im Spiegel zeitgenössischer Universalwissenschaften / Hans Holländer
Die Maschinen des Salomon de Caus : Dokumentation der Planung und Realisierung einer Konstruktion / Yves Weinand
Die Rekonstruktion einer "Machina, mit welcher ein Orgel durch Wasser getrieben" nach Salomon de Caus / Guido Schumacher
Auf den Spuren der Musik in der "phantastischen Maschine" von Salomon de Caus / Ute Omonsky

=650  \0$aMechanical device$1http://www.wikidata.org/entity/Q1882685$92247
=650  \0$aMechanical musical instrument$1http://www.wikidata.org/entity/Q8614972$926213
=650  \0$aOrganology$1http://www.wikidata.org/entity/Q899293$921400
=700  \\$4edt$aSchmuhl, Boje E. Hans$917342
=700  \\$4edt$aOmonsky, Ute$917343
=942  \\$cBOO
=952  \\$00$10$2ddc$40$6INS_10_000000000000000_9D_SCHM$70$8INS$916905$aORPH$bORPH$cKTS0$d2020-07-08$eKoopman$iTS Mich Konf 69$oINS10.9d SCHM$p20130353$r2021-01-12 00:00:00$w2021-01-12$yBOO
=999  \\$d16877

