=LDR  00860aam a2200205   4500
=001  16932
=005  20250605143801.0
=008  201209s1983\\\\\\\\\\\\\\\\\\\\\\0\\\\
=100  \\$aBrouwer, Jaap$4aut$918624
=245  \\$aDe Meijer-orgels in de kerken van Thesinge en Baflo
=260  \\$aElburg$bStichting tot behoud van het Nederlandse Orgel$c1983
=300  \\$a12
=600  \0$aMeijer. Roelf$d1827-1884$926628
=650  \0$aOrgan$1http://www.wikidata.org/entity/Q1444$92810
=651  \0$aThesinge (Groningen, Netherlands)$926629
=651  \0$aGroningen (Netherlands)$1http://www.wikidata.org/entity/Q749$922634
=651  \0$aBaflo (Groningen, Netherlands)$926630
=942  \\$cBOO
=952  \\$00$10$2ddc$40$6INS_3_000000000000000_1B_MEIJ$70$8INS$916961$aORPH$bORPH$cKTS0$d2020-07-08$eKoopman$l0$oINS3.1b MEIJ$p20130858$r2021-01-12 00:00:00$w2021-01-12$yBOO
=999  \\$d16932

