=LDR  01237aam a2200265   4500
=001  17004
=005  20250820153550.0
=008  131113s1660\\\\\\\\\\\\\\\\\\\\\\0\\\\
=041  \\$afre
=100  \\$aFleury, Nicolas$4aut$918691
=245  \\$aMéthode pour apprendre facilement à toucher le théorbe sur la basse continue.
=260  \\$aGenève$bMinkoff Reprint$c1972
=300  \\$a61+ 40 pages
=500  \\$aBook contains facsimile of two lute-continuo methods. 
=501  \\$aBound in with Denis Delair, 'Traité d'accompagnement pour le theorbe et le clavecin'
=534  \\$cParis, Ballard 1660
=648  \0$a17th Century (1601-1700)$1http://www.wikidata.org/entity/Q7016$920923
=650  \0$aLute$1http://www.wikidata.org/entity/Q180733$93944
=650  \0$aBasso continuo$1http://www.wikidata.org/entity/Q724321$921065
=650  \0$aMethod$1http://www.wikidata.org/entity/Q2250960$921402
=650  \0$aNotation$1http://www.wikidata.org/entity/Q233861$91964
=651  \0$aFrance$1http://www.wikidata.org/entity/Q142$9131
=942  \\$cBOO
=952  \\$00$10$2ddc$40$6INS_5_000000000000000_1C_DELA$70$8INS$917035$aORPH$bORPH$cKTS0$d2020-07-08$eKoopman$i13A35$l0$oINS5.1c DELA$p20121963b$r2021-01-12 00:00:00$w2021-01-12$yBOO
=999  \\$d17004

