=LDR  03881aam a2200433   4500
=001  17112
=005  20250702095602.0
=008  150917s1852\\\\\\\\\\\\\\\\\\\\\\0dfre\d
=041  \\$afre
=100  \\$aCastil-Blaze$d1784-1857$4aut$1http://www.wikidata.org/entity/Q294142$95547
=245  \\$aMolière musicien
=250  \\$a1st ed.
=260  \\$aParis$bCastil-Blaze$c1852
=300  \\$a2 vols. in 1 (510-[2]-542-[2] pages)
=500  \\$aMostly a compilation of earlier critiques, this book covers various aspects of Molière's comedies and their reception. Included are, for example, extensive reviews of operas performed in Paris – a field Castil-Blaze contributed to substantially as translator and arranger of libretti.
=505  \\$gVol. 1: La Comédie des proverbes (1616) -- Akébar (1646) -- L'Étourdi (1653) -- La Critique de l'école des femmes (1663) -- Les Précieuses ridicules (1659) -- Les Fâcheux (1661) -- La Princesse d'Élide (1664) -- Don Juan (1665) -- L'Amour Médecin (1665) -- Monsieur de Pourceaugnac (1669) -- Le Médecin malgré lui (1666) -- Le Sicilien (1667) -- Britannicus (1669) -- Le Misantrope (1666) -- Pastorale comique (1666) -- Tartuffe (1667) -- L'Avare (1667)$gVol. 2: Amphitryon -- Le Bourgeois gentilhomme -- Les Femmes savantes -- Le Malade Imaginaire -- Crispin musicien -- Les Opéras -- Le grondeur -- Esther -- Athalie -- Les Amants Magnifiques -- Le Négligent -- Le Double veuvage -- La joyeuse -- La Sérénade -- Les Vendanges de Surène -- Les Folies Amoureuses -- Turcaret -- Les Dehors trompeurs -- L'Intrigue -- Le Devin du village -- Pygmalion -- Le Barbier de Séville -- La Folle journée ou Le Marriage de Figaro -- Daphnis et Alcimadura
=563  \\$aCloth-bound, leather spine and corners
=590  \\$anotes sur les œuvres de cet illustre maître et sur les drames de Corneille, Racine, Quinault, Regnard, Montluc, Mailly, Hauteroche, Saint-Évremond, du Fresny, Palaprat, Dancourt, Lesage, Destouches, J.-J. Rousseau, Beaumarchais, etc.; où se mêlent des considérations sur l'harmonie de la langue française
=600  \0$aMolière$d1622-1673$1http://www.wikidata.org/entity/Q687$95673
=600  \0$aCorneille, Pierre$d1606-1684$1http://www.wikidata.org/entity/Q747$95207
=600  \0$aQuinault, Philippe$d1635-1688$1http://www.wikidata.org/entity/Q379947$94911
=600  \0$aRacine, Jean$d1639-1699$1http://www.wikidata.org/entity/Q742$95767
=600  \0$aMozart, Wolfgang Amadeus$d1756-1791$1http://www.wikidata.org/entity/Q254$95341
=610  \0$aComédie-Française (Paris, France)$1http://www.wikidata.org/entity/Q61460498$920931
=610  \0$aOpéra (Paris, France)$1http://www.wikidata.org/entity/Q283339$920898
=648  \0$a17th Century (1601-1700)$1http://www.wikidata.org/entity/Q7016$920923
=648  \0$a19th Century (1801-1900)$1http://www.wikidata.org/entity/Q6955$920935
=650  \0$aMusic history$1http://www.wikidata.org/entity/Q846047$921373
=650  \0$aTheater history$1http://www.wikidata.org/entity/Q1061140$94607
=650  \0$aBiography$1http://www.wikidata.org/entity/Q36279$91927
=650  \0$aMusic criticism$1http://www.wikidata.org/entity/Q11748889$921598
=651  \0$aFrance$1http://www.wikidata.org/entity/Q142$9131
=856  \\$uhttps://www.digitale-sammlungen.de/de/view/bsb10271253?page=2,3$3vol. 1
=856  \\$uhttps://api.digitale-sammlungen.de/iiif/presentation/v2/bsb10271253/manifest$3vol. 1, IIIF manifest
=856  \\$uhttps://reader.digitale-sammlungen.de/de/fs1/object/display/bsb10598289_00001.html$3vol. 2
=856  \\$uhttps://api.digitale-sammlungen.de/iiif/presentation/v2/bsb10598289/manifest$3vol. 2, IIIF manifest
=942  \\$cBOO
=952  \\$00$10$2ddc$40$6KTS_1_000000000000000_C2_67_11H17$70$8RAR$93255$aORPH$bORPH$cKTS1_C2$d2020-07-08$eKoopman$l0$oKTS1 C2.67 11H17$p20140172$r2021-01-12 00:00:00$w2021-01-12$yBOO
=999  \\$d17112

