=LDR  01309aam a2200205   4500
=001  17229
=005  20250109132730.0
=008  121019s1977\\\\\\\\\\\\\\\\\\\\\\0\eng
=020  \\$a9780918728036
=041  \\$aeng
=100  \\$aBernstein, Martin$d1904-1999$4dte$921100
=245  \\$aA Musical Offering:$bEssays in Honor of Martin Bernstein
=260  \\$aNew York$bPendragon$c1977
=300  \\$a301 pages
=520  \\$aIn the great tradition of the German Festschrift, this book brings together articles by Professor Bernstein's colleagues, friends and students to honor him on his 70th birthday. Ranging in subject from the trouvère song through esoteric aspects of Renaissance studies and authenticity in 18th-century musical sources to a lively and irreverent attack on performance practices today, the twenty essays by many of America's most distinguished scholars reflect the breadth and variety of Martin Bernstein's far-reaching interests and demonstrates the vitality and relevance of what is best in musicology today.
=700  \\$4edt$aClinkscale, Edward H.$918860
=700  \\$4edt$918861$aBrook, Claire
=942  \\$cBOO
=952  \\$00$10$2ddc$40$6REF_4_000000000000000_BERN$70$8REF$96915$aORPH$bORPH$cKM12_1$d2020-07-08$eKoopman$i30E13$oREF4 BERN$p20123355$r2021-01-12 00:00:00$w2021-01-12$yBOO
=999  \\$d17229

