=LDR  01265aam a2200253   4500
=001  17286
=008  191003s1979\\\\\\\\\\\\\\\\\\\\\\0\eng
=041  \\$aeng
=100  \\$aWright, Craig$4aut$918879
=245  \\$aMusic at the Court of Burgundy, 1364-1419.$bA Documentary History
=260  \\$aHenryville$aOttawa$aBinningen$bInstitute of Mediaeval Music$c1979
=300  \\$a274 pages
=490  \\$aMusicological Studies$v28
=600  \0$aKarel de Stoute$cDuke of Burgundy$d1433-1477$1http://www.wikidata.org/entity/Q151120$939302
=600  \0$aJan zonder Vrees$d1371-1419$cDuke of Burgundy$1http://www.wikidata.org/entity/Q298901$939299
=648  \0$aMiddle Ages (500-1400)$1http://www.wikidata.org/entity/Q12554$920964
=648  \0$a15th Century (1401-1500)$1http://www.wikidata.org/entity/Q7018$921015
=650  \0$aMusic history$1http://www.wikidata.org/entity/Q846047$921373
=650  \0$aCourt$922191
=651  \0$aFlanders (Belgium)$1http://www.wikidata.org/entity/Q234$989
=651  \0$aBurgundy (France)$1http://www.wikidata.org/entity/Q1173$924283
=942  \\$cBOO
=952  \\$00$10$2ddc$40$6TOP_BE_FLA_3_000000000000000$70$8TOP$913311$aORPH$bORPH$cKTS0$d2020-07-08$eKoopman$i20B42$l0$oTOP BE.FLA 3$p20127962$r2021-01-12 00:00:00$w2021-01-12$yBOO
=999  \\$d17286

