=LDR  02155aam a2200289   4500
=001  17291
=008  120510s1994\\\\\\\g\\\\\\\\\\\\\\0\eng\d
=041  \\$aeng
=100  \\$aButt, John$d1960-$1http://www.wikidata.org/entity/Q6224150$4aut$916163
=245  \\$aMusic Education and the Art of Performance in the German Baroque
=260  \\$aCambridge$bCambridge University Press$c1994
=300  \\$axviii-237 pages
=520  \\$aIn considering the role of practical music in education this book explores the art of performance in Germany during the Baroque period. The author examines the large number of surviving treatises and instruction manuals used in the Lutheran schools during the period 1530-1800 and builds up a picture of the function and status of music in both school and church. This understanding of music as a functional art--musica practica--in turn gives us insight into contemporary performance of the sacred work of Praetorius, Schütz, Buxtehude or Bach.

=648  \0$a17th Century (1601-1700)$1http://www.wikidata.org/entity/Q7016$920923
=648  \0$a18th Century (1701-1800)$1http://www.wikidata.org/entity/Q7015$920899
=650  \0$aHistorically informed performance$1http://www.wikidata.org/entity/Q1344860$920980
=650  \0$aMusic performance technique$1http://www.wikidata.org/entity/Q6942574$939646
=650  \0$aMusic history$1http://www.wikidata.org/entity/Q846047$921373
=650  \0$aMusic education$1http://www.wikidata.org/entity/Q27908$921766
=650  \0$aLutheranism$1http://www.wikidata.org/entity/Q75809$923975
=651  \0$aGermany$1http://www.wikidata.org/entity/Q183$9155
=856  \\$uhttp://www.loc.gov/catdir/description/cam025/93017691.html$3Publisher description
=856  \\$uhttp://www.loc.gov/catdir/toc/cam024/93017691.html$3Table of contents
=942  \\$cBOO
=952  \\$00$10$2ddc$40$6TOP_DE_5_000000000000000$70$8TOP$96416$aORPH$bORPH$cKTS0$d2020-07-08$eKoopman$i21E22$oTOP DE 5$p20125462$r2021-01-12 00:00:00$w2021-01-12$yBOO
=952  \\$00$10$2ddc$40$6TOP_DE_5_000000000000000$70$8TOP$917330$aORPH$bORPH$cKTS0$d2020-07-08$oTOP DE 5$p20144034$r2021-01-12 00:00:00$w2021-01-12$yBOO
=999  \\$d17291

