=LDR  01807aam a2200241   4500
=001  17326
=005  20250605144350.0
=008  180925s1985\\\\\\\g\\\\\\\\\\\\\\0deng\d
=020  \\$a0193163276
=041  \\$aeng
=100  \\$aStrohm, Reinhard$4aut$918985
=245  \\$aMusic in Late Medieval Bruges
=260  \\$aOxford$bClarendon Press$c1985
=300  \\$ax-[ii]-283 pages
=490  \\$aOxford Monographs on Music
=520  \\$aThe musical achievements of the so-called Franco-Flemish School' have attracted many writers, yet Bruges itself has still to be put back on the map of European music history. This book describes how the people of Bruges shaped their acoustic environment and gave musical expression to their spiritual needs. It is based on a scrutiny of musical sources, stylistic trends in music, composers' achievements, and the function of musical genres; all these are seen against a reconstruction, from archival sources, of the socio-economic context of the art of music - an art which, in all its various manifestations, high' and low', sacred and secular, courtly and civic, polyphonic and monophonic, mirrors later medieval urban culture as a whole.
=648  \0$aMiddle Ages (500-1400)$1http://www.wikidata.org/entity/Q12554$920964
=650  \0$aMusic history$1http://www.wikidata.org/entity/Q846047$921373
=651  \0$aBruges (Belgium)$1http://www.wikidata.org/entity/Q12994$920963
=942  \\$cBOO
=952  \\$00$10$2ddc$3Paperback$40$6TOP_BE_BRU2_3_000000000000000$70$8TOP$911369$aORPH$bORPH$cKTS0$d2020-07-08$eKoopman$i23D13$l0$oTOP BE.BRU2 3$p20128606$r2021-01-12 00:00:00$w2021-01-12$yBOO
=952  \\$00$10$2ddc$3Hardcover$40$6TOP_BE_BRU2_3_000000000000000$70$8TOP$917367$aORPH$bORPH$cKTS0$l0$oTOP BE.BRU2 3$p20130579$r2021-01-12 00:00:00$w2021-01-12$yBOO$d2020-07-08
=999  \\$d17326

