=LDR  01973aam a2200229   4500
=001  17331
=005  20250513142625.0
=008  190718s1984\\\\\\\\\\\\\\\\\\\\\\0\eng
=020  \\$a0193164043
=041  \\$aeng
=100  \\$aLockwood, Lewis$d1930-$4aut$1http://www.wikidata.org/entity/Q1822119$916223
=245  \\$aMusic in Renaissance Ferrara 1400-1505:$bThe Creation of a Musical Centre in the Fifteenth Century
=260  \\$aOxford$bOxford University Press$c1984
=300  \\$a355 pages
=520  \\$aBased on extensive documentary and archival research,Music in Renaissance Ferrarais a study of the rise of music at a vital center of Italian Renaissance culture, focusing on the patrons and musicians whose efforts gave Ferrara a primary role in European music during the fifteenth century. The successive rulers of the Italian city-state, members of the Este dynasty, brought to Ferrara some of the most important composers of the period, including Guillaume Dufay, Johannes Martini, Jacob Obrecht, and Josquin Desprez. Moreover, Ferrara has long been famous as the seat of activity of three of the most important poets of the period - Boiardo, Ariosto, and Tasso - as well as for its school of painting and manuscript production and illumination. With Lewis Lockwood's Music in Renaissance Ferrara, the city-state steps forward as a major musical center as well.
=648  \0$aRenaissance (1400-1600)$1http://www.wikidata.org/entity/Q4692$920965
=650  \0$aMusic history$1http://www.wikidata.org/entity/Q846047$921373
=651  \0$aFerrara (Italy)$1http://www.wikidata.org/entity/Q13362$920993
=942  \\$cBOO
=952  \\$00$10$2ddc$40$6TOP_IT_FERR_4_000000000000000$70$8TOP$99187$aORPH$bORPH$cKTS0$d2020-07-08$eKoopman$i29C12$l0$oTOP IT.FERR 4$p20123472$r2021-01-12 00:00:00$w2021-01-12$yBOO
=952  \\$00$10$40$6TOP_IT_FERR_4_000000000000000$70$8TOP$917372$aORPH$bORPH$cKTS0$d2020-07-08$l0$oTOP IT.FERR 4$p20118102$r2021-01-12 00:00:00$w2021-01-12$yBOO
=999  \\$d17331

