=LDR  00944aam a2200241   4500
=001  17505
=005  20250120120115.0
=008  201111s2007\\\\gw\af\\\\\\\\\\\\\0\ger
=020  \\$a9783895121333
=041  \\$ager$aeng
=245  \\$aMusikinstrumentenbau-Zentren im 16. Jahrhundert
=260  \\$aBlankenburg$bStiftung Kloster Michaelstein$c2007
=300  \\$a296 pages
=490  \\$aMichaelstein Konferenzberichte$v72/2
=561  \\$aEx Libris Ton Koopman
=648  \0$a16th Century (1501-1600)$1http://www.wikidata.org/entity/Q7017$920944
=650  \0$aOrganology$1http://www.wikidata.org/entity/Q899293$921400
=651  \0$aEurope$1http://www.wikidata.org/entity/Q46$991
=700  \\$4aut$aSchmuhl, Boje E. Hans$917342
=700  \\$4aut$aLustig, Monika$917540
=942  \\$cBOO
=952  \\$00$10$2ddc$40$6INS_1A$70$8INS$917552$aORPH$bORPH$cKTS0$d2020-07-08$eKoopman$l1$oINS1a$p20130191$r2021-10-18 00:00:00$s2021-10-18$w2021-01-12$yBOO
=999  \\$d17505

