=LDR  01204aam a2200229   4500
=001  17566
=005  20250109133535.0
=008  181217s1967\\\\\\\\\\\\\\\\\\\\\\0\ger\d
=041  \\$ad
=100  \\$4aut$aFederhofer, Hellmut$d1911-2014$915075
=245  \\$aMusikpflege und Musiker am Grazer Habsburgerhof der Erzherzöge Karl und Ferdinand von Innerösterreich (1564-1619)
=260  \\$aMainz$bB. Schott's Söhne$c1967
=300  \\$a308 pages
=648  \0$a16th Century (1501-1600)$1http://www.wikidata.org/entity/Q7017$920944
=648  \0$a17th Century (1601-1700)$1http://www.wikidata.org/entity/Q7016$920923
=650  \0$aMusic history$1http://www.wikidata.org/entity/Q846047$921373
=650  \0$aCourt$1http://www.wikidata.org/entity/Q1134237$922191
=651  \0$aGraz (Austria)$1http://www.wikidata.org/entity/Q13298$922170
=942  \\$cBOO
=952  \\$00$10$2ddc$40$6TOP_AT_GRA_4_000000000000000$70$8TOP$917613$aORPH$bORPH$cKTS0$eLenaerts$l0$oTOP AT.GRA 4$p20131045$r2021-01-12 00:00:00$w2021-01-12$yBOO$d2020-07-08
=952  \\$00$10$2ddc$40$6TOP_AT_GRA_4_000000000000000$70$8TOP$924122$aORPH$bORPH$cKTS0$d2020-07-08$eKoopman$l0$oTOP AT.GRA 4$p20126727$r2024-11-20 16:50:40$w2024-11-20$yBOO
=999  \\$d17566

