=LDR  00684aam a2200169   4500
=001  17585
=008  220211s1987\\\\sz\af|||\||||\00|\0\fre\d
=041  \\$afre
=100  \\$aClerc, Pierre-Alain$4aut$919113
=245  \\$aMusique ancienne. Eglises Saint-Laurent et Saint-Paul$bLausanne Saison 1987
=260  \\$aLausanne$c1987
=336  \\$aprinted
=650  \0$aOrgan music$1http://www.wikidata.org/entity/Q2003283$91951
=651  \0$aSwitzerland$1http://www.wikidata.org/entity/Q39$920954
=942  \\$cBOO
=952  \\$00$10$2ddc$40$6INS_3_000000000000000_1A_CH$70$8INS$917632$aORPH$bORPH$cKTS0$d2020-07-08$eKoopman$i28E26-XVII$oINS3.1a CH$p20130396$r2021-01-12 00:00:00$w2021-01-12$yBOO
=999  \\$d17585

