=LDR  00628aam a2200157   4500
=001  17651
=005  20230123104824.0
=008  201111s1985\\\\\\\\\\\\\\\\\\\\\\0\\\\
=020  \\$aISSN: 01681893
=100  \\$aTalstra, Frans$4aut$919168
=245  \\$aMuzikale uitingen in de vermaningen der doopsgezinden te Huizinge, Middelstum en Westeremden
=260  \\$aGroningen$bStichting Groningen Orgelland$c1985
=300  \\$a62
=942  \\$cBOO
=952  \\$00$10$2ddc$40$6INS_3_000000000000000_1A_NL_GRO$70$8INS$917699$aORPH$bORPH$cKTS0$d2020-07-08$eKoopman$i44D25$l0$oINS3.1a NL.GRO$p20130366$r2021-01-12 00:00:00$w2021-01-12$yBOO
=999  \\$c17651$d17651

