=LDR  01558aam a2200265   4500
=001  17692
=005  20250121142132.0
=008  190514m19121923\\\\\\\\\\\\\\\\\\0\dut
=041  \\$adut
=100  \\$4aut$aScheurleer, Daniel François$d1855-1927$1http://www.wikidata.org/entity/Q3976286$95584
=245  \\$aNederlandsche liedboeken:$blijst der in Nederland tot het jaar 1800 uitgegeven liedboeken
=260  \\$aThe Hague$bNijhoff$c1912; 1923
=300  \\$a2 vols. (321+120 pages)
=648  \0$aRenaissance (1400-1600)$1http://www.wikidata.org/entity/Q4692$920965
=648  \0$a17th Century (1601-1700)$1http://www.wikidata.org/entity/Q7016$920923
=648  \0$a18th Century (1701-1800)$1http://www.wikidata.org/entity/Q7015$920899
=650  \0$aSong$1http://www.wikidata.org/entity/Q7366$94164
=650  \0$aBook$1http://www.wikidata.org/entity/Q571$92285
=650  \0$aMusic printing$1http://www.wikidata.org/entity/Q64416036$94007
=651  \0$aNetherlands$1http://www.wikidata.org/entity/Q55$9173
=942  \\$cBOO
=952  \\$00$10$2ddc$40$6BIB_4_000000000000000_NL_SCHE$70$8BIB$910859$aORPH$bORPH$cKTS0$d2020-07-08$eKoopman$i29E02$oBIB4 NL SCHE$p20121295$r2021-01-12 00:00:00$w2021-01-12$yBOO
=952  \\$00$10$2ddc$40$6BIB_4_000000000000000_NL_SCHE$70$8BIB$917740$aORPH$bORPH$cKTS0$d2020-07-08$oBIB4 NL SCHE$p20131077$r2021-01-12 00:00:00$w2021-01-12$yBOO
=952  \\$00$10$2ddc$3Eerste supplement $40$6BIB_4_000000000000000_NL_SCHE$70$8BIB$917741$aORPH$bORPH$cKTS0$d2020-07-08$oBIB4 NL SCHE$p20131078$r2021-01-12 00:00:00$w2021-01-12$yBOO
=999  \\$d17692

