=LDR  02812acm a2200289   4500
=001  17698
=005  20250925143341.0
=008  150224r19681626\\\\\\\\\\\\\\\\\\0\dut\d
=041  \\$adut
=100  \\$aValerius, Adrianus$d1570/75-1625$4aut$97771
=245  \\$aNeder-landtsche gedenck-clanck
=250  \\$afacs. ed.
=260  \\$aAmsterdam$bFacsimile Uitgaven Nederland N.V.$c1968
=300  \\$a[viii]-295-[4]+56 pages
=490  \\$aHerleefd verleden
=520  \\$aSongs used to be much more important than they are today. You didn't need to be able to read to sing along; they were easy to remember and spread. They could convey mood and atmosphere, tell stories, bring news, and spread propaganda. The 76 songs in Adriaen Valerius' Nederlandtsche Gedenck-clanck (Sounds in memory of important Dutch events, 1626) did all of that. They were written to well-known melodies and told of the changing circumstances of anger, despair, and victory in the war of independence that had been waged against Spain since 1568. They promoted the Dutch cause, especially the Calvinist cause.

The book was compiled by Adriaen Valerius, a notary from Veere in Zeeland. He had already contributed to a Zeeland poetry collection, Zeevsche Nagetgael (1623), and was a member of the local chamber of rhetoric De Witte Lelie en Blauwe Acolye, also known as Missus Scholieren. Valerius compiled a chronological overview with reports and stories about the war and wrote the songs as a link between the prose pieces. He died in 1625 before he could publish his work; his son published it a year later. It was a fairly expensive book with a varied layout, illustrations, prints, and musical notation for the songs. It was clearly intended for an audience that was willing to pay for the history of the Netherlands and that continued to support the Revolt. (Translated with DeepL.com)
=534  \\$cHaarlem: Valerius, 1626
=590  \\$aKortelick openbarende de voornaemste geschiedenissen van de seventhien Nederlandsche Provintien, 't sederden aenvang der inlandsche beroerten ende troublen, tot den jare 1625
=648  \0$a17th Century (1601-1700)$1http://www.wikidata.org/entity/Q7016$920923
=650  \0$aSong$1http://www.wikidata.org/entity/Q7366$94164
=650  \0$aHistory$1http://www.wikidata.org/entity/Q309$921403
=651  \0$aNetherlands$1http://www.wikidata.org/entity/Q55$1http://www.wikidata.org/entity/Q29999$9173
=700  \\$aMeertens, P. J.$1http://www.wikidata.org/entity/Q2120248$4wam$912684
=942  \\$cSCO
=952  \\$00$10$40$70$8COLL_UNK$917746$aORPH$bORPH$cLOC_UNK$l0$p20131011$r2021-01-12 00:00:00$w2021-01-12$yBOO$d2020-07-08
=952  \\$00$10$2ddc$40$6SCO_S_VALE$70$8SCO$927386$aORPH$bORPH$cKTS1_H$d2020-07-08$eKoopman$i13G61$l0$oSCO S VALE$p20124888$r2025-08-05 14:13:34$w2025-08-05$ySCO
=999  \\$d17698

