=LDR  00906aam a2200193   4500
=001  17908
=008  201116s1970\\\\nl\f\\\\\\\\\\\\\\0\dut\d
=041  \\$adut
=100  \\$aHarst, J. J. Hans van der$4aut$911417
=245  \\$aOfficiële ingebruikneming van het gerestaureerde orgel in de St.-Vituskerk te Hilversum
=260  \\$aHilversum$bCoster$c1970
=300  \\$a7 pages
=610  \0$aSint-Vituskerk (Hilversum, Netherlands)$1http://www.wikidata.org/entity/Q2462307$925287
=650  \0$aOrgan$1http://www.wikidata.org/entity/Q1444$92810
=650  \0$aOrganology$1http://www.wikidata.org/entity/Q899293$921400
=651  \0$aHilversum (Netherlands)$1http://www.wikidata.org/entity/Q9934$923010
=942  \\$cBOO
=952  \\$00$10$2ddc$40$6INS_3_000000000000000_1E_NL_HIL$70$8INS$917958$aORPH$bORPH$cKTS0$d2020-07-08$eKoopman$i28E25 XXII$l0$oINS3.1e NL.HIL$p20130431$r2021-01-12 00:00:00$w2021-01-12$yBOO
=999  \\$d17908

