=LDR  01019aam a2200193   4500
=001  17966
=008  201111s2004\\\\nl\f\\\\\\\\\\\\\\0\nl\\d
=041  \\$adut
=245  \\$aOpmerkelijke orgelrestauratie: Gerstenhauer-orgel in Kedichem in oude luister hersteld
=260  \\$aElburg$bStichting tot behoud van het Nederlandse Orgel$c2004
=300  \\$a20 pages
=650  \0$aOrgan$1http://www.wikidata.org/entity/Q1444$92810
=650  \0$aOrganology$1http://www.wikidata.org/entity/Q899293$921400
=651  \0$aKedichem (Netherlands)$1http://www.wikidata.org/entity/Q2609314$925397
=700  \\$4win$aSeijbel, Maarten$916973
=942  \\$cBOO
=952  \\$00$10$2ddc$40$6INS_3_000000000000000_1E_NL_KED$70$8INS$918017$aORPH$bORPH$cKTS0$d2020-07-08$eKoopman$i29D20 II$l0$oINS3.1e NL.KED$p20130466$r2021-01-12 00:00:00$w2021-01-12$yBOO
=952  \\$00$10$2ddc$40$6INS_3_000000000000000_1E_NL_KED$70$8INS$922284$aORPH$bORPH$cKTS0$d2020-07-08$eKoopman$i42G26$l0$oINS3.1e NL.KED$p20130377$r2022-11-28 00:00:00$w2021-01-12$yBOO
=999  \\$d17966

