=LDR  00794aam a2200181   4500
=001  17997
=005  20250120120924.0
=008  201116s1959\\\\nl\fa\\\\\\\\\\\\\0\dut\d
=110  \\$aVerschueren family (Heythuysen and Ittervoort, Netherlands)$4aut$926447
=245  \\$aOrgel Boxmeer
=260  \\$aHeijthuijsen$bVerschueren orgelbouwers$c1959
=300  \\$a4 pages
=610  \0$aBasiliek van Sint-Petrus en -Paulus (Boxmeer, Netherlands)$925477
=650  \0$aOrgan$1http://www.wikidata.org/entity/Q1444$92810
=651  \0$aBoxmeer (Netherlands)$1http://www.wikidata.org/entity/Q9819$925476
=942  \\$cBOO
=952  \\$00$10$2ddc$40$6INS_3_000000000000000_1E_NL_BOX$70$8INS$918049$aORPH$bORPH$cKTS0$d2020-07-08$eKoopman$i28E25 V$l0$oINS3.1e NL.BOX$p20130419$r2021-01-12 00:00:00$w2021-01-12$yBOO
=999  \\$d17997

