=LDR  00996aam a2200205   4500
=001  17998
=008  201209s2006\\\\nl\af\\\\\\\\\\\\\0\dut\d
=041  \\$adut
=100  \\$aJongepier, Jan$d1941-2011$4aut$1http://www.wikidata.org/entity/Q1681910$919428
=245  \\$aDe orgelgeschiedenis van de hervormde kerk te Raerd (Rauwerd)
=260  \\$aElburg$bStichting tot behoud van het Nederlandse Orgel$c2006
=300  \\$a27 pages
=490  \\$aPublicatie nr.65$vJuli 2006
=610  \0$aLaurentiuskerk (Raerd, Netherlands)$1http://www.wikidata.org/entity/Q2160608$925576
=650  \0$aOrgan$1http://www.wikidata.org/entity/Q1444$92810
=650  \0$aOrganology$1http://www.wikidata.org/entity/Q899293$921400
=651  \0$aRaerd (Netherlands)$1http://www.wikidata.org/entity/Q3030153$925577
=942  \\$cBOO
=952  \\$00$10$2ddc$40$6INS_3_000000000000000_1E_NL_RAE$70$8INS$918050$aORPH$bORPH$cKTS0$d2020-07-08$eKoopman$i29D20 VII$l0$oINS3.1e NL.RAE$p20130776$r2021-01-12 00:00:00$w2021-01-12$yBOO
=999  \\$d17998

