=LDR  01230aam a2200217   4500
=001  17999
=008  201111s2004\\\\nl\af\\\\\\\\\\\\\0\dut\d
=041  \\$adut
=100  \\$aJongepier, Jan$d1941-2011$4aut$1http://www.wikidata.org/entity/Q1681910$919428
=245  \\$aDe orgelgeschiedenis van de voormalige Hervormde Kerk te Stavoren
=260  \\$aElburg$bStichting tot behoud van het Nederlandse Orgel$c2004
=300  \\$a22 pages
=490  \\$aPublicatie van de Stichting tot behoud van het Nederlandse Orgel$v60
=610  \0$aNicolaaskerk (Stavoren, Netherlands)$1http://www.wikidata.org/entity/Q2169421$925519
=650  \0$aOrgan$1http://www.wikidata.org/entity/Q1444$92810
=650  \0$aOrganology$1http://www.wikidata.org/entity/Q899293$921400
=651  \0$aStaveren (Netherlands)$1http://www.wikidata.org/entity/Q504867$925520
=942  \\$cBOO
=952  \\$00$10$2ddc$40$6INS_3_000000000000000_1E_NL_STA$70$8INS$918051$aORPH$bORPH$cKTS0$d2020-07-08$eKoopman$i42G26$l0$oINS3.1e NL.STA$p20130378$r2021-01-12 00:00:00$w2021-01-12$yBOO
=952  \\$00$10$2ddc$40$6INS_3_000000000000000_1E_NL_STA$70$8INS$923421$aORPH$bORPH$cKTS0$d2020-07-08$eKoopman$i29D18$l0$oINS3.1e NL.STA$p20130851$r2024-06-26 00:00:00$w2021-01-12$yBOO
=999  \\$d17999

