=LDR  00929aam a2200205   4500
=001  18000
=005  20250120120629.0
=008  201209s1983\\\\nl\f\\\\\\\\\\\\\\0\dut\d
=041  \\$adut
=100  \\$aSeijbel, Maarten$4aut$916973
=245  \\$aDe orgelhistorie der Grote- of St. Nicolaaskerk te Elburg
=260  \\$aElburg$bStichting tot behoud van het Nederlandse Orgel$c1983
=300  \\$a24 pages
=610  \0$aGrote or Sint-Nicolaaskerk (Elburg, Netherlands)$1http://www.wikidata.org/entity/Q3539804$925277
=650  \0$aOrgan$1http://www.wikidata.org/entity/Q1444$92810
=650  \0$aOrganology$1http://www.wikidata.org/entity/Q899293$921400
=651  \0$aElburg (Netherlands)$1http://www.wikidata.org/entity/Q165662$925276
=942  \\$cBOO
=952  \\$00$10$2ddc$40$6INS_3_000000000000000_1E_NL_ELB$70$8INS$918052$aORPH$bORPH$cKTS0$d2020-07-08$eKoopman$l0$oINS3.1e NL.ELB$p20130857$r2021-01-12 00:00:00$w2021-01-12$yBOO
=999  \\$d18000

