=LDR  00747aam a2200193   4500
=001  18001
=005  20250120120203.0
=008  201111s2000\\\\\\\\\\\\\\\\\\\\\\0\ger\d
=041  \\$ager
=245  \\$aOrgel in Adlwang (A), kath. Pfarrkirche
=260  \\$aMännedorf$bOrgelbau Kuhn$c2000
=300  \\$a4 pages
=500  \\$aBrochure by Orgelbau Kuhn
=650  \0$aChurch$1http://www.wikidata.org/entity/Q16970$93776
=650  \0$aOrgan$1http://www.wikidata.org/entity/Q1444$92810
=651  \0$aAustria$1http://www.wikidata.org/entity/Q40$9202
=942  \\$cBOO
=952  \\$00$10$2ddc$40$6INS_3_000000000000000_1E_AT_ADL$70$8INS$918053$aORPH$bORPH$cKTS0$eKoopman$i29D20$l0$oINS3.1e AT.ADL$p20130463$r2021-01-12 00:00:00$w2021-01-12$yBOO$d2020-07-08
=999  \\$d18001

