=LDR  00904aam a2200193   4500
=001  18002
=008  201209s1981\\\\nl\a\\\\\\\\\\\\\\0\dut\d
=041  \\$adut
=100  \\$aPasschier, C.$4aut$919429
=245  \\$aHet orgel in de aula van het stedelijk museum te Schiedam
=260  \\$aElburg$bStichting tot behoud van het Nederlandse Orgel$c1981
=300  \\$a12 pages
=610  \0$aStedelijk Museum (Schiedam, Netherlands)$1http://www.wikidata.org/entity/Q2779535$925503
=650  \0$aOrgan$1http://www.wikidata.org/entity/Q1444$92810
=650  \0$aOrganology$1http://www.wikidata.org/entity/Q899293$921400
=651  \0$aSchiedam (Netherlands)$1http://www.wikidata.org/entity/Q204709$925502
=942  \\$cBOO
=952  \\$00$10$2ddc$40$6INS_3_000000000000000_1E_NL_SCH$70$8INS$918054$aORPH$bORPH$cKTS0$d2020-07-08$eKoopman$iNL Schiedam$l0$oINS3.1e NL.SCH$p20130920$r2021-01-12 00:00:00$w2021-01-12$yBOO
=999  \\$d18002

