=LDR  00826aam a2200193   4500
=001  18003
=008  201116s1982\\\\nl\f\\\\\\\\\\\\\\0\dut\d
=041  \\$adut
=100  \\$aJansen, Albert$4aut$919438
=245  \\$aHet orgel in de doopsgezinde kerk te Almelo
=260  \\$c1982
=300  \\$a23 pages
=610  \0$aDoopsgezinde Kerk (Almelo, Netherlands)$1http://www.wikidata.org/entity/Q17611842$925183
=650  \0$aOrgan$1http://www.wikidata.org/entity/Q1444$92810
=650  \0$aOrganology$1http://www.wikidata.org/entity/Q899293$921400
=651  \0$aAlmelo (Netherlands)$1http://www.wikidata.org/entity/Q988$925182
=942  \\$cBOO
=952  \\$00$10$2ddc$40$6INS_3_000000000000000_1E_NL_ALM$70$8INS$918055$aORPH$bORPH$cKTS0$d2020-07-08$eKoopman$i28E25 I$l0$oINS3.1e NL.ALM$p20130416$r2021-01-12 00:00:00$w2021-01-12$yBOO
=999  \\$d18003

