=LDR  00901aam a2200205   4500
=001  18004
=005  20250120120904.0
=008  201116|\\\\\\\\nl\a\\\\\\\\\\\\\\0\dut\d
=041  \\$adut
=100  \\$aRuiter, Willem de$4aut$919430
=245  \\$aHet orgel in de dorpskerk te Ruurlo
=260  \\$aElburg$bStichting tot behoud van het Nederlandse orgel
=300  \\$a15 pages
=610  \0$aDorpskerk Ruurlo (Netherlands)$1http://www.wikidata.org/entity/Q15963147$925572
=650  \0$aOrgan$1http://www.wikidata.org/entity/Q1444$92810
=650  \0$aOrganology$1http://www.wikidata.org/entity/Q899293$921400
=651  \0$aRuurlo (Netherlands)$1http://www.wikidata.org/entity/Q1025683$925573
=942  \\$cBOO
=952  \\$00$10$2ddc$40$6INS_3_000000000000000_1E_NL_RUU$70$8INS$918056$aORPH$bORPH$cKTS0$d2020-07-08$eKoopman$i28E25 XXXVIII$l0$oINS3.1e NL.RUU$p20130445$r2021-01-12 00:00:00$w2021-01-12$yBOO
=999  \\$d18004

