=LDR  00998aam a2200217   4500
=001  18005
=005  20250120120904.0
=008  230109s1981\\\\nl\a||||\||||\00|\0\dut\d
=041  \\$adut
=100  \\$aWesterbrink, Peter$4aut$919431
=245  \\$aHet orgel in de dorpskerk te Zandeweer
=260  \\$aElburg$bStichting tot behoud van het Nederlandse Orgel$c1981
=300  \\$a11 pages
=610  \0$aDorpskerk Zandeweer (Netherlands)$1http://www.wikidata.org/entity/Q1940102$925551
=650  \0$aOrgan$1http://www.wikidata.org/entity/Q1444$92810
=650  \0$aOrganology$1http://www.wikidata.org/entity/Q899293$921400
=651  \0$aZandeweer (Netherlands)$1http://www.wikidata.org/entity/Q2115387$925550
=710  \\$4edt$aStichting Groningen Orgelland (Groningen, Netherlands)$923562
=942  \\$cBOO
=952  \\$00$10$2ddc$40$6INS_3_000000000000000_1E_NL_ZAN$70$8INS$918057$aORPH$bORPH$cKTS0$d2020-07-08$eKoopman$iNL Zandeweer$l0$oINS3.1e NL.ZAN$p20130861$r2021-01-12 00:00:00$w2021-01-12$yBOO
=999  \\$d18005

