=LDR  01253aam a2200229   4500
=001  18006
=005  20250120120630.0
=008  201111s2003\\\\nl\f\\\\\\\\\\\\\\0\dut\d
=041  \\$adut
=100  \\$aJongepier, Jan$d1941-2011$4aut$1http://www.wikidata.org/entity/Q1681910$919428
=245  \\$aHet orgel in de Evangelisch-Lutherse kerk te Hoorn
=260  \\$aElburg$bStichting tot behoud van het Nederlandse Orgel$c2003
=300  \\$a18 pages
=490  \\$aPublicatie van de Stichting tot behoud van het Nederlandse Orgel$v58
=610  \0$aEvangelisch-Lutherse Kerk (Hoorn, Netherlands)$1http://www.wikidata.org/entity/Q2800172$925299
=650  \0$aOrgan$1http://www.wikidata.org/entity/Q1444$92810
=650  \0$aOrganology$1http://www.wikidata.org/entity/Q899293$921400
=651  \0$aHoorn (Netherlands)$1http://www.wikidata.org/entity/Q9938$925282
=942  \\$cBOO
=952  \\$00$10$2ddc$40$6INS_3_000000000000000_1E_NL_HOO2$70$8INS$918058$aORPH$bORPH$cKTS0$d2020-07-08$eKoopman$i42G26$l0$oINS3.1e NL.HOO2$p20130379$r2021-01-12 00:00:00$w2021-01-12$yBOO
=952  \\$00$10$2ddc$40$6INS_3_000000000000000_1E_NL_HOO2$70$8INS$923423$aORPH$bORPH$cKTS0$d2020-07-08$eKoopman$i29D18$l0$oINS3.1e NL.HOO2$p20130849$r2024-06-26 00:00:00$w2021-01-12$yBOO
=999  \\$d18006

