=LDR  00810aam a2200193   4500
=001  18008
=005  20250120120925.0
=008  201111s2010\\\\\\\\\\\\\\\\\\\\\\0\\\\
=100  \\$aToom, Teus den$d-1943$4aut$914441
=245  \\$aHet orgel in de hervormde kerk te Asperen
=260  \\$aElburg$bStichting tot behoud van het Nederlandse Orgel$c2010
=300  \\$a36 pages
=610  \0$aSint-Catharinakerk (Asperen, Netherlands)$926577
=648  \0$1http://www.wikidata.org/entity/Q192630$aPast$922196
=650  \0$1http://www.wikidata.org/entity/Q1444$aOrgan$92810
=651  \0$926578$aAsperen (Netherlands)
=942  \\$cBOO
=952  \\$00$10$2ddc$40$6INS_3_000000000000000_1E_NL_ASP$70$8INS$918060$aORPH$bORPH$cKTS0$d2020-07-08$eKoopman$i42G26$l0$oINS3.1e NL.ASP$p20130371$r2021-01-12 00:00:00$w2021-01-12$yBOO
=999  \\$d18008

