=LDR  00916aam a2200205   4500
=001  18009
=005  20250120120629.0
=008  201209s1982\\\\nl\f\\\\\\\\\\\\\\0\dut\d
=041  \\$adut
=100  \\$aMolenaar, Dirk M. J.$4aut$919434
=245  \\$aHet orgel in de hervormde kerk te Eenrum
=260  \\$aElburg$bStichting tot behoud van het Nederlandse Orgel$c1982
=300  \\$a24 pages
=610  \0$aNederlands Hervormde Kerk (Eenrum, Netherlands)$1http://www.wikidata.org/entity/Q1951493$925273
=650  \0$aOrgan$1http://www.wikidata.org/entity/Q1444$92810
=650  \0$aOrganology$1http://www.wikidata.org/entity/Q899293$921400
=651  \0$aEenrum (Netherlands)$1http://www.wikidata.org/entity/Q2573259$925272
=942  \\$cBOO
=952  \\$00$10$2ddc$40$6INS_3_000000000000000_1E_NL_EEN$70$8INS$918061$aORPH$bORPH$cKTS0$d2020-07-08$eKoopman$l0$oINS3.1e NL.EEN$p20130862$r2021-01-12 00:00:00$w2021-01-12$yBOO
=999  \\$d18009

