=LDR  00995aam a2200217   4500
=001  18010
=005  20250120120904.0
=008  201116|\\\\\\\\nl\af\\\\\\\\\\\\\0\dut\d
=041  \\$adut
=100  \\$aJongepier, Jan$d1941-2011$4aut$1http://www.wikidata.org/entity/Q1681910$919428
=245  \\$aHet orgel in de Hervormde Kerk te Wirdum
=260  \\$aElburg$bStichting tot behoud van het Nederlandse Orgel
=300  \\$a23 pages
=490  \\$aPubicatie nr.29
=610  \0$aSint-Martinuskerk (Wirdum, Netherlands)$1http://www.wikidata.org/entity/Q2508933$925563
=650  \0$aOrgan$1http://www.wikidata.org/entity/Q1444$92810
=650  \0$aOrganology$1http://www.wikidata.org/entity/Q899293$921400
=651  \0$aWirdum (Netherlands)$1http://www.wikidata.org/entity/Q2005492$925564
=942  \\$cBOO
=952  \\$00$10$2ddc$40$6INS_3_000000000000000_1E_NL_WIR$70$8INS$918062$aORPH$bORPH$cKTS0$d2020-07-08$eKoopman$i28E25XXXXVIII$l0$oINS3.1e NL.WIR$p20130454$r2021-01-12 00:00:00$w2021-01-12$yBOO
=999  \\$d18010

