=LDR  00695aam a2200181   4500
=001  18011
=008  201116s1970\\\\\\\o\\\\\\\\\\\\\\0\dut\d
=041  \\$adut
=100  \\$aHarst, J. J. Hans van der$4aut$911417
=245  \\$aOrgel in de kerk van de H. H. Philippus en Jacobus te Koewacht Z. Vl.
=260  \\$aWeert$c1970
=300  \\$a4 pages
=336  \\$aprinted
=650  \0$aOrgan$1http://www.wikidata.org/entity/Q1444$92810
=651  \0$aBelgium$1http://www.wikidata.org/entity/Q31$920881
=942  \\$cBOO
=952  \\$00$10$2ddc$40$6INS_3_000000000000000_1E_BE_KOE$70$8INS$918063$aORPH$bORPH$cKTS0$d2020-07-08$eKoopman$i28E25$oINS3.1e BE.KOE$p20130434$r2021-01-12 00:00:00$w2021-01-12$yBOO
=999  \\$d18011

