=LDR  00903aam a2200217   4500
=001  18012
=005  20250605143419.0
=008  150513s1999\\\\nl\f\\\\\\\\\\\\\\0\dut\d
=041  \\$adut
=245  \\$aHet orgel in de Lokhorstkerk
=260  \\$aLeiden$bOrgelrestauratiecommissie van de Stichting beheer Lokhorstkerk$c1999
=300  \\$a20 pages
=610  \0$aLokhorstkerk (Leiden, Netherlands)$925371
=650  \0$aOrgan$1http://www.wikidata.org/entity/Q1444$92810
=650  \0$aOrganology$1http://www.wikidata.org/entity/Q899293$921400
=651  \0$aLeiden (Netherlands)$1http://www.wikidata.org/entity/Q43631$978
=700  \\$4aut$aOlofsen, Joop$919435
=700  \\$4aut$aKraal, Barend$919436
=942  \\$cBOO
=952  \\$00$10$2ddc$40$6INS_3_000000000000000_1E_NL_LEI$70$8INS$918064$aORPH$bORPH$cKTS0$d2020-07-08$eKoopman$i29D20$l0$oINS3.1e NL.LEI$p20130569$r2021-01-12 00:00:00$w2021-01-12$yBOO
=999  \\$d18012

