=LDR  00870aam a2200193   4500
=001  18013
=008  201116|\\\\\\\\nl\a\\\\\\\\\\\\\\0\dut\d
=041  \\$adut
=100  \\$aHarst, J. J. Hans van der$4aut$911417
=245  \\$aHet orgel in de parochiekerk van de H. Bonifacius te Zaandam
=260  \\$bVermeulen
=300  \\$a2 pages
=610  \0$aSint Bonifatiuskerk (Zaandam, Netherlands) $1http://www.wikidata.org/entity/Q2451613$925560
=650  \0$aOrgan$1http://www.wikidata.org/entity/Q1444$92810
=650  \0$aOrganology$1http://www.wikidata.org/entity/Q899293$921400
=651  \0$aZaandam (Netherlands)$1http://www.wikidata.org/entity/Q211260$925559
=942  \\$cBOO
=952  \\$00$10$2ddc$40$6INS_3_000000000000000_1E_NL_ZAA$70$8INS$918065$aORPH$bORPH$cKTS0$d2020-07-08$eKoopman$i28E25 XXXXIX$l0$oINS3.1e NL.ZAA$p20130455$r2021-01-12 00:00:00$w2021-01-12$yBOO
=999  \\$d18013

