=LDR  00703aam a2200169   4500
=001  18014
=008  201116|\\\\\\\\nl\a\\\\\\\\\\\\\\0\dut\d
=041  \\$adut
=100  \\$aHarst, J. J. Hans van der$4aut$911417
=245  \\$aHet orgel in de R. K. Kerk van de H. H. Simon en Judas te Ootmarsum
=300  \\$a2 pages
=610  \0$aH.H. Simon en Judaskerk (Ootmarsum, Netherlands)$926597
=650  \0$1http://www.wikidata.org/entity/Q1444$aOrgan$92810
=651  \0$aOotmarsum (Netherlands)$926596
=942  \\$cBOO
=952  \\$00$10$2ddc$40$6INS_3_000000000000000_1E_NL_OOT$70$8INS$918066$aORPH$bORPH$cKTS0$d2020-07-08$eKoopman$i28E25 XXXIII$l0$oINS3.1e NL.OOT$p20130442$r2021-01-12 00:00:00$w2021-01-12$yBOO
=999  \\$d18014

