=LDR  00784aam a2200181   4500
=001  18015
=008  201116|\\\\\\\\nl\f\\\\\\\\\\\\\\0\dut\d
=041  \\$adut
=100  \\$aHarst, J. J. Hans van der$4aut$911417
=245  \\$aHet orgel in de Sint Lambertuskerk te Helmond
=300  \\$a24 pages
=610  \0$aSint-Lambertuskerk (Helmond, Netherlands)$925305
=650  \0$aOrgan$1http://www.wikidata.org/entity/Q1444$92810
=650  \0$aOrganology$1http://www.wikidata.org/entity/Q899293$921400
=651  \0$aHelmond (Netherlands)$1http://www.wikidata.org/entity/Q9844$925306
=942  \\$cBOO
=952  \\$00$10$2ddc$40$6INS_3_000000000000000_1E_NL_HEL$70$8INS$918067$aORPH$bORPH$cKTS0$d2020-07-08$eKoopman$i28E25 XVIII$l0$oINS3.1e NL.HEL$p20130427$r2021-01-12 00:00:00$w2021-01-12$yBOO
=999  \\$d18015

