=LDR  00932aam a2200205   4500
=001  18016
=005  20250120120629.0
=008  201116s1974\\\\nl\f\\\\\\\\\\\\\\0\dut\d
=041  \\$adut
=100  \\$aHarst, J. J. Hans van der$4aut$911417
=245  \\$aHet orgel in de St. Martinuskerk te Gronsveld
=260  \\$aGronsveld$bOrgelfonds "St. Martinuskerk" Gronsveld$c1974
=300  \\$a31 pages
=610  \0$aSint Martinuskerk (Gronsveld, Netherlands)$1http://www.wikidata.org/entity/Q1856005$925279
=650  \0$aOrgan$1http://www.wikidata.org/entity/Q1444$92810
=650  \0$aOrganology$1http://www.wikidata.org/entity/Q899293$921400
=651  \0$aGronsveld (Netherlands)$1http://www.wikidata.org/entity/Q100003$925278
=942  \\$cBOO
=952  \\$00$10$2ddc$40$6INS_3_000000000000000_1E_NL_GRO2$70$8INS$918068$aORPH$bORPH$cKTS0$d2020-07-08$eKoopman$i28E25 XVI$l0$oINS3.1e NL.GRO2$p20130425$r2021-01-12 00:00:00$w2021-01-12$yBOO
=999  \\$d18016

