=LDR  00757aam a2200193   4500
=001  18017
=005  20250120120203.0
=008  201111s2002\\\\\\\\\\\\\\\\\\\\\\0\ger\d
=041  \\$ager
=245  \\$aOrgel in Oelinghausen (DE), Pfarrkirche St. Petri
=260  \\$aMännedorf$bOrgelbau Kuhn$c2002
=300  \\$a4 pages
=500  \\$aArnsberg - Kloster Oelinghausen
=650  \0$aOrgan$1http://www.wikidata.org/entity/Q1444$92810
=650  \0$aChurch$1http://www.wikidata.org/entity/Q16970$93776
=651  \0$aGermany$1http://www.wikidata.org/entity/Q183$9155
=942  \\$cBOO
=952  \\$00$10$2ddc$40$6INS_3_000000000000000_1E_DE_ARN$70$8INS$918069$aORPH$bORPH$cKTS0$eKoopman$l0$oINS3.1e DE.ARN$p20130464$r2021-01-12 00:00:00$w2021-01-12$yBOO$d2020-07-08
=999  \\$d18017

