=LDR  00930aam a2200205   4500
=001  18019
=008  201111s2008\\\\\\\\\\\\\\\\\\\\\\0\dut\d
=041  \\$adut
=100  \\$aJansen, Albert$4aut$919438
=245  \\$aDe orgelmakers Schmidt in Oost Nederland
=260  \\$aElburg$bStichting tot behoud van het Nederlandse Orgel$c2008
=300  \\$a22 pages
=490  \\$aPublicatie van de Stichting tot behoud van het Nederlandse Orgel$v68
=610  \0$aSchmidt family$1http://www.wikidata.org/entity/Q15240355$925707
=650  \0$aOrgan$1http://www.wikidata.org/entity/Q1444$92810
=650  \0$aOrgan registration$1http://www.wikidata.org/entity/Q7309439$923402
=651  \0$aNetherlands$1http://www.wikidata.org/entity/Q55$9173
=942  \\$cBOO
=952  \\$00$10$2ddc$40$6INS_3_000000000000000_1B_SCHM$70$8INS$918071$aORPH$bORPH$cKTS0$d2020-07-08$eKoopman$i42G26$l0$oINS3.1b SCHM$p20130375$r2021-01-12 00:00:00$w2021-01-12$yBOO
=999  \\$d18019

