=LDR  00973aam a2200205   4500
=001  18021
=005  20250605143643.0
=008  201116s1982\\\\nl\a\\\\\\\\\\\\\\0\dut\d
=041  \\$adut
=245  \\$aDe orgels van de Stevenskerk te Nijmegen
=260  \\$aNijmegen$bDe Nijmeegse orgelkring$c1982
=300  \\$a24 pages
=610  \0$923686$aStevenskerk (Nijmegen, Netherlands)
=650  \0$1http://www.wikidata.org/entity/Q1444$aOrgan$92810
=651  \0$1http://www.wikidata.org/entity/Q47887$aNijmegen (Netherlands)$921708
=700  \\$4aut$94793$aVarious
=942  \\$cBOO
=952  \\$00$10$2ddc$40$6INS_3_000000000000000_1E_NL_NIJ$70$8INS$918073$aORPH$bORPH$cKTS0$d2020-07-08$eKoopman$i28E25 XXIX$l0$oINS3.1e NL.NIJ$p20130438$r2021-01-12 00:00:00$w2021-01-12$yBOO
=952  \\$00$10$2ddc$3gesign. exempl.$40$6INS_3_000000000000000_1E_NL_NIJ$70$8INS$923425$aORPH$bORPH$cKTS0$d2020-07-08$eKoopman$i29D19$l0$oINS3.1e NL.NIJ$p20130818$r2024-06-26 00:00:00$w2021-01-12$yBOO
=999  \\$d18021

