=LDR  00890aam a2200205   4500
=001  18024
=005  20250120120105.0
=008  201116|\\\\\\\\\\\\\\\\\\\\\\\\\\0\nl\\d
=041  \\$adut
=100  \\$aBijtelaar, B.$4aut$99623
=245  \\$aHet orgel van de Oude Kerk te Amsterdam
=260  \\$aZaandam$bBureau van uitgave Nederlandse orgelmuziek
=300  \\$a28 pages
=610  \0$aOude Kerk (Amsterdam, Netherlands)$1http://www.wikidata.org/entity/Q623558$91613
=650  \0$aOrgan$1http://www.wikidata.org/entity/Q1444$92810
=650  \0$aOrganology$1http://www.wikidata.org/entity/Q899293$921400
=651  \0$aAmsterdam (Netherlands)$1http://www.wikidata.org/entity/Q727$9135
=942  \\$cBOO
=952  \\$00$10$2ddc$40$6INS_3_000000000000000_1E_NL_AMS$70$8INS$918076$aORPH$bORPH$cKTS0$d2020-07-08$eKoopman$i28E25 II$l0$oINS3.1e NL.AMS$p20130417$r2021-01-12 00:00:00$w2021-01-12$yBOO
=999  \\$d18024

