=LDR  00893aam a2200193   4500
=001  18025
=008  201111s2015\\\\nl\a\\\\\\\\\\\\\\0\dut\d
=041  \\$adut
=100  \\$aOldenbeuving, Gert$4aut$919444
=245  \\$aHet orgel van Mattheüs de Crane in Batenburg
=260  \\$aElburg$bStichting tot behoud van het Nederlandse Orgel$c2015
=300  \\$a7 pages
=610  \0$aSint-Victorkerk (Batenburg, Netherlands)$1http://www.wikidata.org/entity/Q13725472$925483
=650  \0$aOrgan$1http://www.wikidata.org/entity/Q1444$92810
=650  \0$aOrganology$1http://www.wikidata.org/entity/Q899293$921400
=651  \0$aBatenburg (Netherlands)$1http://www.wikidata.org/entity/Q2891187$925484
=942  \\$cBOO
=952  \\$00$10$2ddc$40$6INS_3_000000000000000_1E_NL_BAT$70$8INS$918077$aORPH$bORPH$cKTS0$d2020-07-08$eKoopman$i44D25$l0$oINS3.1e NL.BAT$p20130361$r2021-01-12 00:00:00$w2021-01-12$yBOO
=999  \\$d18025

