=LDR  00915aam a2200217   4500
=001  18026
=005  20250120120903.0
=008  201116s1987\\\\nl\af\\\\\\\\\\\\\0\dut\d
=020  \\$aISSN: 01681893
=041  \\$adut
=100  \\$aTiggelaar, Koos$4aut$919445
=245  \\$aHet orgel van Oostwold
=260  \\$aGroningen$bStichting Groningen Orgelland$c1987
=300  \\$a32 pages
=610  \0$aHervormde Kerk (Oostwold, Netherlands)$1http://www.wikidata.org/entity/Q17435674$925511
=650  \0$aOrgan$1http://www.wikidata.org/entity/Q1444$92810
=650  \0$aOrganology$1http://www.wikidata.org/entity/Q899293$921400
=651  \0$aOostwold (Netherlands)$1http://www.wikidata.org/entity/Q546429$925512
=942  \\$cBOO
=952  \\$00$10$2ddc$40$6INS_3_000000000000000_1E_NL_OOS$70$8INS$918078$aORPH$bORPH$cKTS0$d2020-07-08$eKoopman$i28E25 XXXI$l0$oINS3.1e NL.OOS$p20130440$r2021-01-12 00:00:00$w2021-01-12$yBOO
=999  \\$d18026

