=LDR  01052aam a2200205   4500
=001  18027
=008  201111s2010\\\\nl\a\\\\\\\\\\\\\\0\dut\d
=041  \\$adut
=100  \\$aJongepier, Jan$d1941-2011$4aut$1http://www.wikidata.org/entity/Q1681910$919428
=245  \\$aHet orgel van Paesens: van rooms-katholiek gebruik in Alkmaar en Volendam naar de psalmen en gezangen van Paesens
=260  \\$aElburg$bStichting tot behoud van het Nederlandse Orgel$c2010
=300  \\$a40 pages
=490  \\$aPublicatie nr.72$vMaart 2010
=610  \0$aSint-Antoniuskerk (Paesens, Netherlands)$1http://www.wikidata.org/entity/Q2126900$925515
=650  \0$aOrgan$1http://www.wikidata.org/entity/Q1444$92810
=650  \0$aOrganology$1http://www.wikidata.org/entity/Q899293$921400
=651  \0$aPaesens (Netherlands)$1http://www.wikidata.org/entity/Q2357495$925516
=942  \\$cBOO
=952  \\$00$10$2ddc$40$6INS_3_000000000000000_1E_NL_PAE$70$8INS$918079$aORPH$bORPH$cKTS0$d2020-07-08$eKoopman$i42G26$l0$oINS3.1e NL.PAE$p20130372$r2021-01-12 00:00:00$w2021-01-12$yBOO
=999  \\$d18027

