=LDR  00882aam a2200193   4500
=001  18028
=005  20250225155018.0
=008  201111s2014\\\\nl\af\\\\\\\\\\\\\0\dut\d
=041  \\$adut
=100  \\$aDijk, Peter van$4edt$919446
=245  \\$aEen orgel voor de gasthuiskapel te Zaltbommel.$bHet orgel van de Voormalige Gereformeerde Kerk te Vreeland
=260  \\$aElburg$bStichting tot behoud van het Nederlandse Orgel$c2014
=300  \\$a 15 pages
=650  \0$aOrgan$1http://www.wikidata.org/entity/Q1444$92810
=650  \0$aOrganology$1http://www.wikidata.org/entity/Q899293$921400
=651  \0$aVreeland (Utrecht, Netherlands)$1http://www.wikidata.org/entity/Q81493$925555
=942  \\$cBOO
=952  \\$00$10$2ddc$40$6INS_3_000000000000000_1E_NL_ZAL$70$8INS$918080$aORPH$bORPH$cKTS0$d2020-07-08$eKoopman$i44D25$l0$oINS3.1e NL.ZAL$p20130362$r2021-01-12 00:00:00$w2021-01-12$yBOO
=999  \\$d18028

