=LDR  00711aam a2200193   4500
=001  18029
=005  20250829104457.0
=008  201111s1982\\\\sw\f\\\\\\\\\\\\\\0\swe\d
=041  \\$aswe
=100  \\$aÅberg, Mats$4aut$919447
=245  \\$aOrglarna i Falu Kristine Kyrka
=260  \\$aFalun$bGevince$c1982
=300  \\$a15 pages
=650  \0$aOrgan$1http://www.wikidata.org/entity/Q1444$92810
=650  \0$aOrganology$1http://www.wikidata.org/entity/Q899293$921400
=651  \0$aFalun (Sweden)$925788
=942  \\$cBOO
=952  \\$00$10$2ddc$40$6INS_3_000000000000000_1E_SE_FAL$70$8INS$918081$aORPH$bORPH$cKTS0$d2020-07-08$eKoopman$i28E26 XIII$l0$oINS3.1e SE.FAL$p20130393$r2021-01-12 00:00:00$w2021-01-12$yBOO
=999  \\$d18029

