=LDR  01089aam a2200241   4500
=001  18030
=008  201111s1985\\\\sw\f\\\\\\\\\\\\\\0\swe\d
=041  \\$aswe
=100  \\$aSolén, Lennart$919448
=245  \\$aOrglarna i Leksands Kyrka. $bHistorik och presentation
=260  \\$aLeksand$c1985
=300  \\$a16 pages
=650  \0$aOrganology$1http://www.wikidata.org/entity/Q899293$921400
=650  \0$aOrgan$1http://www.wikidata.org/entity/Q1444$92810
=651  \0$aSweden$1http://www.wikidata.org/entity/Q34$9275
=700  \\$4aut$aNorman, Bengt$919452
=700  \\$4aut$aWessmark, Hans-Göran$919451
=700  \\$4aut$aMansson, Hans-Ake$919449
=700  \\$4aut$aLööw, Anton$919450
=942  \\$cBOO
=952  \\$00$10$2ddc$40$6INS_3_000000000000000_1E_SE_LEK$70$8INS$918082$aORPH$bORPH$cKTS0$d2020-07-08$eKoopman$i29D19$oINS3.1e SE.LEK$p20130819$r2021-01-12 00:00:00$w2021-01-12$yBOO
=952  \\$00$10$2ddc$40$6INS_3_000000000000000_1E_SE_LEK$70$8INS$922987$aORPH$bORPH$cKTS0$d2020-07-08$eKoopman$i28E26_XIV$l0$oINS3.1e SE.LEK$p20130394$r2023-10-16 00:00:00$w2021-01-12$yBOO
=999  \\$d18030

