=LDR  01227aam a2200253   4500
=001  18034
=005  20250821130545.0
=008  220523s1963\\\\fr\a||||\||||\00|\0\fre\d
=041  \\$afre
=100  \\$aCoutaz, Bernard$4edt$916122
=245  \\$aL'Orgue du Petit-Andely & l'oeuvre d'orgue de François Couperin
=260  \\$aParis$bHarmonie du Monde$c1963
=300  \\$a30 pages
=500  \\$aBooklet that accompanied a record?
=505  \\$gLes Andelys - Robert Ingout parmi les facteurs normands - L'Abbaye du Trésor Notre-Dame - L'Orgue de Robert Ingout au Petit-Andely.
=600  \0$aCouperin, François$d1668-1733$1http://www.wikidata.org/entity/Q50186$96241
=648  \0$a18th Century (1701-1800)$1http://www.wikidata.org/entity/Q7015$920899
=650  \0$aOrgan music$1http://www.wikidata.org/entity/Q2003283$91951
=650  \0$aOrganology$1http://www.wikidata.org/entity/Q899293$921400
=651  \0$aNormandy (France)$1http://www.wikidata.org/entity/Q15878$924245
=700  \\$aChapuis, Michel$d1930-2017$4ctb$924235
=942  \\$cBOO
=952  \\$00$10$2ddc$40$6INS_3_000000000000000_1E_FR_AND$70$8INS$918086$aORPH$bORPH$cKTS0$d2020-07-08$eKoopman$oINS3.1e FR.AND$p20130398$r2021-01-12 00:00:00$w2021-01-12$yBOO
=999  \\$d18034

