=LDR  00716aam a2200181   4500
=001  18035
=008  220506|\\\\\\\\|||of|||\||||\00|\0\fre\d
=100  \\$4aut$aCoutaz, Bernard$916122
=245  \\$al'Orgue espagnol et son histoire
=260  \\$aParis$bHarmonie du Monde$c1964
=300  \\$a32 pages
=336  \\$aprinted
=650  \0$aOrgan$1http://www.wikidata.org/entity/Q1444$92810
=650  \0$aOrganology$1http://www.wikidata.org/entity/Q899293$921400
=651  \0$aSpain$1http://www.wikidata.org/entity/Q29$920983
=942  \\$cBOO
=952  \\$00$10$2ddc$40$6INS_3_000000000000000_1A_ES$70$8INS$918087$aORPH$bORPH$cKTS0$d2020-07-08$eKoopman$i28E26-VII$oINS3.1a ES$p20130386$r2021-01-12 00:00:00$w2021-01-12$yBOO
=999  \\$d18035

