=LDR  00733aam a2200181   4500
=001  18037
=008  201111|\\\\\\\\\fr\\\\\\\\\\\\\\\0\fre\d
=041  \\$afre
=100  \\$4aut$as.n.$913703
=245  \\$aLes orgues historiques de l'Eglise St-Grégoire de Ribeauvillé
=260  \\$aRibeauvillé
=336  \\$aprinted
=650  \0$aOrgan$1http://www.wikidata.org/entity/Q1444$92810
=650  \0$aProgram music$1http://www.wikidata.org/entity/Q209741$923658
=651  \0$aRibeauvillé (France)$1http://www.wikidata.org/entity/Q148483$924299
=942  \\$cBOO
=952  \\$00$10$2ddc$40$6INS_3_000000000000000_1E_FR_RIB$70$8INS$918089$aORPH$bORPH$cKTS0$d2020-07-08$eKoopman$oINS3.1e FR.RIB$p20130402$r2021-01-12 00:00:00$w2021-01-12$yBOO
=999  \\$d18037

