=LDR  00922aam a2200229   4500
=001  18062
=005  20250120120859.0
=008  201111s2009\\\\\\\\\\\\\\\\\\\\\\0\dut\d
=041  \\$adut
=245  \\$aDe oude Salviuskerk te Limbricht
=250  \\$a3rd ed.
=260  \\$aSittard$bStichting Charles Beltjens$c2009
=300  \\$a23 pages
=610  \0$aOude Sint-Salviuskerk (Limbricht, Netherlands)$1http://www.wikidata.org/entity/Q942827$925367
=650  \0$aChurch$1http://www.wikidata.org/entity/Q16970$93776
=651  \0$aLimbricht (Netherlands)$1http://www.wikidata.org/entity/Q1834730$925368
=700  \\$aLuyn, P. B. N. van$4aut$919475
=700  \\$aJanssen, A. M. P. P.$4aut$919476
=700  \\$aVleeshouwers, J. M. E.$4aut$919477
=942  \\$cBOO
=952  \\$00$10$2ddc$40$6TOP_NL_LIM$70$8TOP$918114$aORPH$bORPH$cKTS0$d2020-07-08$eKoopman$i44D25$l0$oTOP NL.LIM$p20130359$r2021-01-12 00:00:00$w2021-01-12$yBOO
=999  \\$d18062

