=LDR  00664aam a2200157   4500
=001  18072
=005  20250120120859.0
=008  201116s1974\\\\nl\f\\\\\\\\\\\\\\0\dut\d
=100  \\$4aut$as.n.$913703
=245  \\$aOverdracht en ingebruikneming van het orgel in de Gereformeerde Kerk te Lisse
=300  \\$a2 pages
=650  \0$aOrgan$1http://www.wikidata.org/entity/Q1444$92810
=651  \0$aLisse (Netherlands)$1http://www.wikidata.org/entity/Q332730$925366
=942  \\$cBOO
=952  \\$00$10$2ddc$40$6INS_3_000000000000000_1E_NL_LIS$70$8INS$918124$aORPH$bORPH$cKTS0$d2020-07-08$eKoopman$i28E25 XXVII$l0$oINS3.1e NL.LIS$p20130436$r2021-01-12 00:00:00$w2021-01-12$yBOO
=999  \\$d18072

