=LDR  00875aam a2200205   4500
=001  18080
=005  20250120120105.0
=008  201209s2006\\\\nl\af\\\\\\\\\\\\\0\dut\d
=041  \\$adut
=100  \\$aTimmer, Victor$4aut$915724
=245  \\$aOver Taeke Pieters Klimstra (1858-1945). Orgelmaker te Wierum en Metslawier
=260  \\$aElburg$bStichting tot behoud van het Nederlandse Orgel$c2006
=300  \\$a32 pages
=600  \0$926055$aKlimstra, Taeke P.$d1858-1945
=650  \0$aOrgan$1http://www.wikidata.org/entity/Q1444$92810
=650  \0$aOrganology$1http://www.wikidata.org/entity/Q899293$921400
=651  \0$1http://www.wikidata.org/entity/Q55$aNetherlands$9173
=942  \\$cBOO
=952  \\$00$10$2ddc$40$6INS_3_000000000000000_1B_KLIM$70$8INS$918132$aORPH$bORPH$cKTS0$d2020-07-08$eKoopman$i29D20 X$l0$oINS3.1b KLIM$p20130779$r2021-01-12 00:00:00$w2021-01-12$yBOO
=999  \\$d18080

