=LDR  00922aam a2200193   4500
=001  18107
=003  OSt
=005  20250120120012.0
=008  161220s1929\\\\\\\\\\\\\\\\\\\\\\0\d
=040  \\$cST
=041  \\$ager
=100  \\$aFellerer, Karl Gustav$d1902-1984$4aut$1http://www.wikidata.org/entity/Q102481$910833
=245  \\$aDer Palestrinastil und seine Bedeutung in der vokalen Kirchenmusik des achtzehnten Jahrhunderts: ein Beitrag zur Geschichte der Kirchenmusik in Italien und Deutschland
=260  \\$aAugsburg$bDr. Benno Filser Verlag G.m.b.H.$c1929
=300  \\$a366 pages
=942  \\$cBOO
=952  \\$00$10$2ddc$40$6GEN_5_000000000000000$70$8GEN$97287$aORPH$bORPH$cKM12_1$d2020-07-08$eKoopman$i35A23$l0$oGEN5$p20122534$r2021-01-12 00:00:00$w2021-01-12$yBOO
=952  \\$00$10$2ddc$40$6GEN_5_000000000000000$70$8GEN$918159$aORPH$bORPH$cKM12_1$l0$oGEN5$p20131043$r2021-01-12 00:00:00$w2021-01-12$yBOO$d2020-07-08
=999  \\$d18107

