=LDR  02581aam a2200289   4500
=001  18127
=005  20250820153550.0
=008  150422s2010\\\\\\\\\\\\\\\\\\\\\\0\eng
=020  \\$a9789058678287
=041  \\$aeng
=100  \\$4edt$aMoelants, Dirk$918056
=245  \\$aPartimento and Continuo Playing$bin Theory and Practice
=260  \\$aLeuven$bLeuven University Press$c2010
=300  \\$a136 pages
=520  \\$aThis volume is a collection of essays based on lectures given at the International Orpheus Academy for Music Theory on Music and Theory: Thoroughbass in Practice, Theory, and Improvisation'. Hence the point of departure was not music theory as such, but the interaction between music theory, music history, performance practice, aesthetics, and related sciences. This multidisciplinary approach, with the accent on the interplay between music performance and music theory, is reflected in the contributions to this book.

Thomas Christensen, in his contribution, shows how the development of tonal harmonic theory went hand in hand with the practice of thoroughbass. 

Both Robert Gjerdingen and Giorgio Sanguinetti focus on the Neapolitan tradition of partimento. 

Gjerdingen addresses the relation between the realization of partimenti and contrapuntal thinking, illustrated by examples of contrapuntal imitation and combination in partimenti, leading to the partimentofugue'. 

Sanguinetti elaborates on the history of this partimentofugue from the early 18th until the late 19th century. 

Rudolf Lutz, finally, presents his use of partimenti in educational practice, giving examples of how reviving this old practice can give new insights to composers, conductors and musicians.
=648  \0$a18th Century (1701-1800)$1http://www.wikidata.org/entity/Q7015$920899
=648  \0$a19th Century (1801-1900)$1http://www.wikidata.org/entity/Q6955$920935
=650  \0$aPartimento$1http://www.wikidata.org/entity/Q2054960$921242
=650  \0$aBasso continuo$1http://www.wikidata.org/entity/Q724321$921065
=700  \\$4ctb$aChristensen, Thomas$916412
=700  \\$4ctb$aGjerdingen, Robert O.$911137
=700  \\$4ctb$aSanguinetti, Giorgio$916073
=700  \\$4ctb$aLutz, Rudolf$919533
=942  \\$cBOO
=952  \\$00$10$2ddc$40$6MTP_2_000000000000000_MOEL$70$8MTP$96596$aORPH$bORPH$cKM12_1$d2020-07-08$eKoopman$i43F29$oMTP2 MOEL$p20126451$r2021-01-12 00:00:00$w2021-01-12$yBOO
=952  \\$00$10$2ddc$40$6MTP_2_000000000000000_MOEL$70$8MTP$918179$aORPH$bORPH$cKM12_1$d2020-07-08$l1$oMTP2 MOEL$p20134684$r2021-11-04 00:00:00$s2021-07-15$w2021-01-12$yBOO
=999  \\$d18127

