=LDR  01272aam a2200241   4500
=001  18321
=005  20250605144202.0
=008  150925s1948\\\\\\\\\\\\\\\\\\\\\\0\fre
=041  \\$afre
=100  \\$aClercx-Lejeune, Suzanne$d1910-1985$4aut$1http://www.wikidata.org/entity/Q3505928$916176
=245  \\$aPierre Van Maldere: $bvirtuose et maître des concerts de Charles de Lorraine (1729-1768)
=260  \\$aBrussels$bPaleis der Academiën$c1948
=300  \\$a184 pages
=490  \\$aVerhandelingen$vBoek V, aflevering 1
=600  \0$aVan Maldere, Pierre$d1729-1768$1http://www.wikidata.org/entity/Q509130$921016
=600  \0$aLorraine, Charles-Alexandre de$d1712-1780$1http://www.wikidata.org/entity/Q158232$920977
=648  \0$a18th Century (1701-1800)$1http://www.wikidata.org/entity/Q7015$920899
=650  \0$aBiography$1http://www.wikidata.org/entity/Q36279$91927
=651  \0$aBrussels (Belgium)$1http://www.wikidata.org/entity/Q239$937
=942  \\$cBOO
=952  \\$00$10$2ddc$40$6BIO_VANM1_D$70$8BIO$96627$aORPH$bORPH$cKTS1_P$d2020-07-08$eKoopman$i32F23$l0$oBIO VANM1 d$p20123078$r2021-01-12 00:00:00$w2021-01-12$yBOO$OKoopman
=952  \\$00$10$2ddc$40$70$8BIO$918375$aORPH$bORPH$cKTS1_P$l0$p20115785$r2021-01-12 00:00:00$w2021-01-12$yBOO$d2020-07-08
=999  \\$c18321$d18321

