=LDR  01497aam a2200205   4500
=001  18349
=005  20250211130326.0
=008  130305s2002\\\\\\\\\\\\\\\\\\\\\\0\eng\d
=020  \\$a9780521013581
=041  \\$aeng
=100  \\$aButt, John$d1960-$4aut$916163
=245  \\$aPlaying with History:$bThe Historical Approach to Musical Performance
=260  \\$aCambridge$bCambridge University Press$c2002
=300  \\$a265 pages
=520  \\$aWhy do we feel the need to perform music in a historically informed style? Is this need related to wider cultural concerns? In this challenging study, John Butt sums up recent debates on the nature of the early music movement, calling upon a seemingly inexhaustible fund of ideas gleaned from historical musicology, analytic philosophy, literary theory, historiography and theories of modernism and postmodernism. He develops the critical views of both supporters and detractors, claiming ultimately that it has more intellectual and artistic potential than its detractors may have assumed.
=650  \0$aHistorically informed performance$1http://www.wikidata.org/entity/Q1344860$920980
=942  \\$cBOO
=952  \\$00$10$2ddc$40$6MTP_2_000000000000000_BUTT$70$8MTP$96418$aORPH$bORPH$cKM12_1$d2020-07-08$eKoopman$l1$oMTP2 BUTT$p20126453$r2021-10-14 00:00:00$s2021-09-29$w2021-01-12$yBOO
=952  \\$00$10$2ddc$40$6MTP_2_000000000000000_BUTT$70$8MTP$918402$aORPH$bORPH$cKM12_1$d2020-07-08$g20.89$oMTP2 BUTT$p20134466$r2021-01-12 00:00:00$w2021-01-12$yBOO
=999  \\$d18349

