=LDR  00956aam a2200217   4500
=001  18381
=008  201111s1985\\\\\\\af\\\\\\\\\\\\\0\eng\d
=041  \\$aeng
=245  \\$aThe positive organ built by Mariusz Syller for the capella Bydgostiensis
=260  \\$aBydgoszch$bFilharmonia Pomorska im. Ignacego Paderewskiego$c1985
=300  \\$a10 pages
=600  \0$919705$aSyller, Mariusz
=610  20$aCapella Bydgostiensis$926102
=650  \0$aOrgan$1http://www.wikidata.org/entity/Q1444$92810
=650  \0$aOrganology$1http://www.wikidata.org/entity/Q899293$921400
=700  \\$4aut$aErdman, Jerzy$919704
=700  \\$aWachowiak, Zofia$4edt$919703
=700  \\$1http://www.wikidata.org/entity/Q9153746$4cur$aSzwalbe, Andrzej Jan $d1923-2002$922091
=942  \\$cBOO
=952  \\$00$10$2ddc$40$6INS_3_000000000000000_1B_SYLL$70$8INS$918436$aORPH$bORPH$cKTS0$d2020-07-08$eKoopman$i28E26 XI$l0$oINS3.1b SYLL$p20130391$r2021-01-12 00:00:00$w2021-01-12$yBOO
=999  \\$d18381

