=LDR  00972aam a2200217   4500
=001  18584
=005  20250120120629.0
=008  201111s2013\\\\nl\f\\\\\\\\\\\\\\0\dut\d
=041  \\$adut
=100  \\$4edt$aDiepenhorst, Wim$d1971-$919876
=100  \\$4edt$aSeijbel, Maarten$916973
=245  \\$aEen reconstructie van een bijzonder orgel
=260  \\$aElburg$bStichting tot behoud van het Nederlandse Orgel$c2013
=300  \\$a11 pages
=610  \0$aGrote or Sint-Nicolaaskerk (Elburg, Netherlands)$1http://www.wikidata.org/entity/Q3539804$925277
=650  \0$aOrgan$1http://www.wikidata.org/entity/Q1444$92810
=650  \0$aOrganology$1http://www.wikidata.org/entity/Q899293$921400
=651  \0$aElburg (Netherlands)$1http://www.wikidata.org/entity/Q165662$925276
=942  \\$cBOO
=952  \\$00$10$2ddc$40$6INS_3_000000000000000_1E_NL_ELB$70$8INS$918641$aORPH$bORPH$cKTS0$d2020-07-08$eKoopman$i44D25$l0$oINS3.1e NL.ELB$p20130363$r2021-01-12 00:00:00$w2021-01-12$yBOO
=999  \\$d18584

