=LDR  02087aas a2200301   4500
=001  18589
=005  20250926134858.0
=008  131113s1999\\\\\\\\\\\\\\\\\\\\\\0\eng\d
=041  \\$aeng
=100  \\$aLasocki, David$4edt$919116
=245  \\$aThe Recorder Education Journal$nno. 5
=260  \\$bArta$c1999
=300  \\$a52 pages
=520  \\$aBaroque Ornamentation 
I. In this issue: - The Philosophy of Baroque Ornamentation Skills. - Developing Baroque Ornamentation Skills. - The Accidental Ornamentor. - Ornaments in the Duets of Pierre Danican Philidor. - The Doubles in Jacques Hotteterre's Airs et brunettes.
II. In this issue: - A Curriculum for Teaching Ornamentation. - The Ornamentation of Arcangelo Corelli's Violin Sonatas, Op. 5. - J.S. Bach's Violin Ornaments Arranged by Interval. - J.S. Bach's Ornamentation of Slow Movements by Marcello and Vivaldi. - Learning to Ornament Handel's Sonatas Through the Composer's Ears.
=600  \0$aHotteterre, Jacques-Martin$d1673-1763$1http://www.wikidata.org/entity/Q726500$96867
=600  \0$aCorelli, Arcangelo$d1653-1713$1http://www.wikidata.org/entity/Q164475$95351
=600  \0$aBach, Johann Sebastian$d1685-1750$1http://www.wikidata.org/entity/Q1339$94766
=600  \0$aMarcello, Benedetto$d1686-1739$1http://www.wikidata.org/entity/Q312784$95459
=600  \0$aVivaldi, Antonio$d1678-1741$1http://www.wikidata.org/entity/Q1340$911980
=600  \0$aHandel, George Frideric$d1685-1759$1http://www.wikidata.org/entity/Q7302$94765
=648  \0$a17th Century (1601-1700)$1http://www.wikidata.org/entity/Q7016$920923
=648  \0$a18th Century (1701-1800)$1http://www.wikidata.org/entity/Q7015$920899
=650  \0$aHistorically informed performance$1http://www.wikidata.org/entity/Q1344860$920980
=650  \0$aRecorder$1http://www.wikidata.org/entity/Q187851$91903
=650  \0$aOrnamentation$1http://www.wikidata.org/entity/Q739589$922524
=942  \\$cPER
=952  \\$00$10$2ddc$40$6INS_6_000000000000000_1D$70$8INS$918645$aORPH$bORPH$cKTS0$d2020-07-08$eKoopman$l0$oINS6.1d$r2021-01-12 00:00:00$w2021-01-12$yPER
=999  \\$d18589

