=LDR  01318aam a2200265   4500
=001  18615
=008  131126r15421972\\\h\\\\\\\\\\\\\\0\ger\d
=041  \\$ager
=100  \\$aGanassi dal Fontego, Sylvestro$d1492-1565$4aut$917359
=245  \\$aRegola Rubertina. Teil 1 und Teil 2. $bLehrbuch des Spiels auf der Viola da Gamba und der Laute, Venedig 1542 und 1543
=250  \\$a1972
=260  \\$aBerlin$bLichterfelde$c1542
=300  \\$a123 pages
=500  \\$aGerman translation
=650  \0$aViola da gamba$1http://www.wikidata.org/entity/Q96066477$93955
=650  \0$aDiminution$1http://www.wikidata.org/entity/Q1225810$922454
=650  \0$aLute$1http://www.wikidata.org/entity/Q180733$93944
=650  \0$aMethod$1http://www.wikidata.org/entity/Q2250960$921402
=700  \\$aDahnk-Baroffio, Emilia$4trl$926698
=700  \\$aPeter, Hildemarie$4trl$917360
=700  \\$aLienau, Robert$1http://www.wikidata.org/entity/Q2156999$4edt$922720
=942  \\$cBOO
=952  \\$00$10$2ddc$40$6INS_4_000000000000000_5C_GANA$70$8INS$918672$aORPH$bORPH$cKTS0$d2020-07-08$eKoopman$i13G64$l0$oINS4.5c GANA$p20124886$r2021-01-12 00:00:00$w2021-01-12$yBOO
=952  \\$00$10$2ddc$40$6INS_4_000000000000000_5C_GANA$70$8INS$923064$aORPH$bORPH$cKTS0$d2020-07-08$l0$oINS4.5c GANA$p20146038$r2023-11-16 00:00:00$w2021-01-12$yBOO
=999  \\$d18615

