=LDR  00700aam a2200181   4500
=001  18654
=005  20250109132729.0
=008  171123s1981\\\\\\\\\\\\\\\\\\\\\\0\mul
=020  \\$a3761806493
=041  \\$aeng$ager
=245  \\$aInternational Musicological Society. Report of the twelfth congress Berkeley 1977
=260  \\$aKassel$bBärenreiter$c1981
=300  \\$a912 pages
=700  \\$4edt$aHeartz, Daniel$d1928-2019$1http://www.wikidata.org/entity/Q5217453$918794
=700  \\$4edt$aWade, Bonnie$919941
=942  \\$cBOO
=952  \\$00$10$2ddc$40$6REF_3_000000000000000_HEAR$70$8REF$918712$aORPH$bORPH$cKM12_1$d2020-07-08$eKoopman$i33D05$oREF3 HEAR$p20122745$r2021-01-12 00:00:00$w2021-01-12$yBOO
=999  \\$d18654

