=LDR  00952aam a2200205   4500
=001  18669
=005  20250120120859.0
=008  201111s1989\\\\nl\f\\\\\\\\\\\\\\0\dut\d
=041  \\$adut
=100  \\$aHarst, J. J. Hans van der$4aut$911417
=245  \\$aDe restauratie/reconstructue van het orgel in de Sint-Salviuskapel te Limbricht
=260  \\$aLimbricht$bStichting Kasteel Limbricht$c1989
=300  \\$a15 pages
=610  \0$aOude Sint-Salviuskerk (Limbricht, Netherlands)$1http://www.wikidata.org/entity/Q942827$925367
=650  \0$aOrgan$1http://www.wikidata.org/entity/Q1444$92810
=650  \0$aOrganology$1http://www.wikidata.org/entity/Q899293$921400
=651  \0$aLimbricht (Netherlands)$1http://www.wikidata.org/entity/Q1834730$925368
=942  \\$cBOO
=952  \\$00$10$2ddc$40$6INS_3_000000000000000_1E_NL_LIM$70$8INS$918727$aORPH$bORPH$cKTS0$d2020-07-08$eKoopman$i44D25$l0$oINS3.1e Nl.LIM$p20130360$r2021-01-12 00:00:00$w2021-01-12$yBOO
=999  \\$d18669

