=LDR  00955aam a2200193   4500
=001  18670
=008  201116s1984\\\\nl\f\\\\\\\\\\\\\\0\dut\d
=041  \\$adut
=100  \\$aHarst, J. J. Hans van der$4aut$911417
=245  \\$aDe restauratie van het grote orgel van de Sint Jan te 's-Hertogenbosch
=260  \\$a's-Hertogenbosch$bKerkbestuur Parochie Binnenstad 's-Hertogenbosch$c1984
=300  \\$a24 pages
=610  \0$aSint-Janskathedraal ('s-Hertogenbosch, Netherlands)$1http://www.wikidata.org/entity/Q2050553$925352
=650  \0$aOrgan$1http://www.wikidata.org/entity/Q1444$92810
=650  \0$aOrganology$1http://www.wikidata.org/entity/Q899293$921400
=651  \0$a's-Hertogenbosch (Netherlands)$1http://www.wikidata.org/entity/Q2766547$982
=942  \\$cBOO
=952  \\$00$10$2ddc$40$6INS_3_000000000000000_1E_NL_HER$70$8INS$918728$aORPH$bORPH$cKTS0$d2020-07-08$eKoopman$i28E25 XX$l0$oINS3.1e NL.HER$p20130429$r2021-01-12 00:00:00$w2021-01-12$yBOO
=999  \\$d18670

