=LDR  00816aam a2200181   4500
=001  18806
=008  201116s1987\\\\nl\f\\\\\\\\\\\\\\0\dut\d
=041  \\$adut
=100  \\$aZandt, Herman S. J.$4aut$920062
=245  \\$aHet Scheuer-orgel te Holwerd. Beknopt overzicht over zijn geschiedenis
=260  \\$aElburg$bStichting tot behoud van het Nederlandse Orgel$c1987
=300  \\$a8 pages
=650  \0$aOrgan$1http://www.wikidata.org/entity/Q1444$92810
=650  \0$aOrganology$1http://www.wikidata.org/entity/Q899293$921400
=651  \0$aHolwerd (Netherlands)$1http://www.wikidata.org/entity/Q611277$925285
=942  \\$cBOO
=952  \\$00$10$2ddc$40$6INS_3_000000000000000_1E_NL_HOL$70$8INS$918866$aORPH$bORPH$cKTS0$d2020-07-08$eKoopman$i28E25 XXIII$l0$oINS3.1e NL.HOL$p20130432$r2021-01-12 00:00:00$w2021-01-12$yBOO
=999  \\$d18806

