=LDR  00677aam a2200169   4500
=001  18966
=008  201116s1970\\\\nl\a\\\\\\\\\\\\\\0\dut\d
=041  \\$adut
=100  \\$aHarst, J. J. Hans van der$4aut$911417
=245  \\$aSmits orgel in de kerk v. d. H. Servatius Oijen bij Oss
=300  \\$a3 pages
=610  \0$aSint-Servatiuskerk (Oijen, Netherlands)$926598
=650  \0$1http://www.wikidata.org/entity/Q1444$aOrgan$92810
=651  \0$926599$aOijen (Netherlands)
=942  \\$cBOO
=952  \\$00$10$2ddc$40$6INS_3_000000000000000_1E_NL_OIJ$70$8INS$919027$aORPH$bORPH$cKTS0$d2020-07-08$eKoopman$i28E25 XXXIV$l0$oINS3.1e NL.OIJ$p20130443$r2021-01-12 00:00:00$w2021-01-12$yBOO
=999  \\$d18966

