=LDR  01212aam a2200253   4500
=001  19098
=008  170120s1987\\\\\\\g\\\\\b\\\\\\\\0\ger\d
=020  \\$a3890071090
=041  \\$ager
=100  \\$4aut$aGoldberg, Clemens$911185
=245  \\$aStilisierung als kunstvermittelnder Prozess:$bdie französischen Tombeau-Stücke im 17. Jahrhundert
=260  \\$aLaaber$bLaaber-Verlag$c1987
=300  \\$a364 pages$bmusic$c25 cm
=490  \\$aNeue Heidelberger Studien zur Musikwissenschaft$v14
=504  \\$aBibliography: p. 300-303.
=648  \0$a17th Century (1601-1700)$1http://www.wikidata.org/entity/Q7016$920923
=650  \0$aLute$1http://www.wikidata.org/entity/Q180733$93944
=650  \0$aHarpsichord$1http://www.wikidata.org/entity/Q81982$92125
=650  \0$aTombeau$1http://www.wikidata.org/entity/Q15991004$923771
=651  \0$aFrance$1http://www.wikidata.org/entity/Q142$9131
=942  \\$cBOO
=952  \\$00$10$2ddc$40$70$919160$aORPH$bORPH$cLOC_UNK$g35.00$l0$p20135200$r2021-01-12 00:00:00$w2021-01-12$yBOO$d2020-07-08
=952  \\$00$10$2ddc$40$6TOP_FR_5_000000000000000$70$8TOP$926743$aORPH$bORPH$cKTS0$d2020-07-08$eKoopman$i19F7$l0$oTOP FR 5$p20125264$r2025-06-04 11:54:02$w2025-06-04$yBOO
=999  \\$d19098

