=LDR  01131aam a2200253   4500
=001  19124
=008  201111s1998\\\\gw\af\\\\\\\\\\\\\0\ger\d
=020  \\$a3895121061
=041  \\$ager
=245  \\$aDer Streichbogen.$bEntwicklung - Herstellung - Funktion
=260  \\$aBlankenburg$bStiftung Kloster Michaelstein$c1998
=300  \\$a144 pages
=490  \\$aMichaelsteiner Konferenzberichte$v54
=650  \0$aBowed string instrument$1http://www.wikidata.org/entity/Q192096$92398
=650  \0$aOrganology$1http://www.wikidata.org/entity/Q899293$921400
=650  \0$aMusic history$1http://www.wikidata.org/entity/Q846047$921373
=700  \\$4aut$aFleischhauer, Günter$d1928-2002$1http://www.wikidata.org/entity/Q72937039$910889
=700  \\$4aut$aLustig, Monika$917540
=700  \\$4aut$aRuf, Wolfgang$916842
=700  \\$4aut$aZschoch, Frieder$916844
=710  2\$aStiftung Kloster Michaelstein (Germany)$1https://www.wikidata.org/wiki/Q1441940$926321
=942  \\$cBOO
=952  \\$00$10$2ddc$40$6INS_4A$70$8INS$919186$aORPH$bORPH$cKTS0$d2020-07-08$eKoopman$iTS MIchl$oINS4a$p20130187$r2021-01-12 00:00:00$w2021-01-12$yBOO
=999  \\$d19124

