=LDR  00639aam a2200181   4500
=001  19172
=005  20250120120054.0
=008  201111s2004\\\\\\\\\\\\\\\\\\\\\\0\d
=020  \\$a3895121274
=041  \\$ad
=100  \\$4edt$aSiegmund, Bert$eEditor$916843
=245  \\$aSturm und Drang in Literatur und Musik
=260  \\$aBlankenburg$bStiftung Kloster Michaeltstein$c2004
=300  \\$a235 p.
=490  \\$aMichaelstein Konferenzberichte$v65
=942  \\$cBOO
=952  \\$00$10$2ddc$40$6LIT_SIEG_A$70$8LIT$919234$aORPH$bORPH$cKM12_2_H$d2020-07-08$eKoopman$iTS Mich Konf Ber$oLIT SIEG a$p20130355$r2021-01-12 00:00:00$w2021-01-12$yBOO
=999  \\$c19172$d19172

