=LDR  00892aam a2200205   4500
=001  19204
=005  20250120120629.0
=008  201116s1993\\\\nl\f\\\\\\\\\\\\\\0\dut\d
=041  \\$adut
=100  \\$aHilst, Rob van der$4aut$920354
=245  \\$aHet symfonisch orgel van het muziekcentrum Frits Philips te Eindhoven
=260  \\$aUtrecht$bRabobank Nederland$c1993
=300  \\$a44 pages
=610  \0$aMuziekcentrum Frits Philips (Eindhoven, Netherlands)$925275
=650  \0$aOrgan$1http://www.wikidata.org/entity/Q1444$92810
=650  \0$aOrganology$1http://www.wikidata.org/entity/Q899293$921400
=651  \0$aEindhoven (Netherlands)$1http://www.wikidata.org/entity/Q9832$925274
=942  \\$cBOO
=952  \\$00$10$2ddc$40$6INS_3_000000000000000_1E_NL_EIN$70$8INS$919266$aORPH$bORPH$cKTS0$d2020-07-08$eKoopman$i28E25 XIII$l0$oINS3.1e NL.EIN$p20130422$r2021-01-12 00:00:00$w2021-01-12$yBOO
=999  \\$d19204

