=LDR  00710aam a2200181   4500
=001  19294
=005  20250109133051.0
=008  201111s1990\\\\\\\\\\\\\\\\\\\\\\0\d
=041  \\$ad
=100  \\$4Autor$aMeier, Adolf$920416
=100  \\$4Herausgeber$aThom, Eitelfriedrich$920417
=245  \\$aThematisches Werkverzeichnis der Kompositionen von Johannes Sperger (1750-1812)
=260  \\$aBlankenburg$bKultur und Forschungsstätte Michaelstein$c1990
=300  \\$a90
=490  \\$aDokumentationen - Reprints$vnr. 21
=942  \\$cBOO
=952  \\$00$10$2ddc$40$6BIO_SPER_C$70$8BIO$919357$aORPH$bORPH$cKTS1_P$d2020-07-08$eKoopman$iTS Michaels Dok.$l0$oBIO SPER c$p20130462$r2021-01-12 00:00:00$w2021-01-12$yBOO
=999  \\$c19294$d19294

