=LDR  00671aam a2200181   4500
=001  19369
=008  201111|\\\\\\\\fr\f\\\\\\\\\\\\\\0\fre\d
=041  \\$afre
=100  \\$4aut$aVarious$94793
=245  \\$aTolède
=300  \\$a23 pages
=336  \\$aprinted
=650  \0$aOrgan$1http://www.wikidata.org/entity/Q1444$92810
=650  \0$aOrganology$1http://www.wikidata.org/entity/Q899293$921400
=651  \0$aToledo (Spain)$1http://www.wikidata.org/entity/Q5836$924138
=942  \\$cBOO
=952  \\$00$10$2ddc$40$6INS_3_000000000000000_1A_ES_TOL$70$8INS$919433$aORPH$bORPH$cKTS0$d2020-07-08$eKoopman$i28E26$oINS 3.1a ES.TOL$p20130390$r2021-01-12 00:00:00$w2021-01-12$yBOO
=999  \\$d19369

