=LDR  01242aam a2200253   4500
=001  19384
=008  201111s2007\\\\nl\af\\\\\\\\\\\\\0\dut\d
=041  \\$adut
=245  \\$aDe totstandkoming van het Hinsz-orgel in de Catharinakerk te Roden
=260  \\$aElburg$bStichting tot behoud van het Nederlandse Orgel$c2007
=300  \\$a 35 pages
=490  \\$aPublicatie nr.66$vMaart 2007
=600  \0$aHinsz, Albertus Anthoni$d1705-1781$1http://www.wikidata.org/entity/Q109249831$925310
=610  \0$aCatharinakerk (Roden, Netherlands)$1http://www.wikidata.org/entity/Q2121004$925574
=648  \0$a18th Century (1701-1800)$1http://www.wikidata.org/entity/Q7015$920899
=650  \0$aOrganology$1http://www.wikidata.org/entity/Q899293$921400
=650  \0$aOrgan$1http://www.wikidata.org/entity/Q1444$92810
=650  \0$aChurch$1http://www.wikidata.org/entity/Q16970$93776
=651  \0$aRoden (Netherlands)$1http://www.wikidata.org/entity/Q2405988$925575
=700  \\$4ctb$aOs, Thijs den$920474
=700  \\$4ctb$aTimmer, Klaas$920475
=942  \\$cBOO
=952  \\$00$10$2ddc$40$6INS_3_000000000000000_1E_NL_ROD$70$8INS$919448$aORPH$bORPH$cKTS0$d2020-07-08$eKoopman$i42G26$l0$oINS3.1e NL.ROD$p20130376$r2021-01-12 00:00:00$w2021-01-12$yBOO
=999  \\$d19384

