=LDR  01339aam a2200241   4500
=001  19398
=008  131113r19721690sz\h\\\\\\\\\\\\\\0\fre\d
=041  \\$afre
=100  \\$aDelair, Denis$920489
=245  \\$aTraité d'accompagnement pour le théorbe et le clavecin
=260  \\$aGenève$bMinkoff Reprint$c1972
=300  \\$a61+40 pages
=500  \\$aBook containing two facsimiles of lute-continuo methods.
=501  \\$aBound in with Fleury, 'Methode pour apprendre facilement a toucer le theorbe sur la basse continue'
=590  \\$aQui comprend toutes les regles necessaires pour accompagner sur ses deux Instruments, avec observations particulieres touchant les differentes manieres qui leurs conviennent. Il enseigne aussie à accompagner les basses qui ne sont pas chifréez.
=650  \0$aMethod$1http://www.wikidata.org/entity/Q2250960$921402
=650  \0$aBasso continuo$1http://www.wikidata.org/entity/Q724321$921065
=650  \0$aHarpsichord$1http://www.wikidata.org/entity/Q81982$92125
=650  \0$aLute$1http://www.wikidata.org/entity/Q180733$93944
=650  \0$aNotation$1http://www.wikidata.org/entity/Q233861$91964
=942  \\$cBOO
=952  \\$00$10$2ddc$40$6INS_5_000000000000000_1C_DELA$70$8INS$919463$aORPH$bORPH$cKTS0$d2020-07-08$eKoopman$i13A35$oINS5.1c DELA$p20121963$r2021-01-12 00:00:00$w2021-01-12$yBOO
=999  \\$d19398

