=LDR  01886aam a2200277   4500
=001  19416
=005  20250912100522.0
=008  131126s1961\\\\\\\\\\\\\\\\\\\\\\0\mul
=041  \\$ager$afre$aeng$hita
=100  \\$4aut$aTartini, Giuseppe$d1692-1770$1http://www.wikidata.org/entity/Q108555$95536
=245  \\$aTraité des agréments de la musique
=260  \\$aCelle$bMoeck$c1961
=300  \\$a139 pages
=520  \\$aAbhandlung über die Verzierungen in der Musik. / Treatise on Ornaments in Music. Ungekürzt, mit Erläuterungen, einem Anhang, mehrerer photographischen Reproduktionen und einer Beilage mit dem Faksimile des italianischen Originaltextes./ Réédition complète, commentée et accompagnée d'un appendice, de plusieurs reproductions photographiques et d'une annexe contenant un fac-simile du texte italien original./ Unabridged, with explanatory text, an Appendix, several photographic reprodcutions and a Supplement containing a facsimile of the original Italian text.
=648  \0$a18th Century (1701-1800)$1http://www.wikidata.org/entity/Q7015$920899
=650  \0$aMethod$1http://www.wikidata.org/entity/Q2250960$921402
=650  \0$aOrnamentation$1http://www.wikidata.org/entity/Q739589$922524
=650  \0$aViolin$1http://www.wikidata.org/entity/Q8355$92783
=700  \\$4trl$aDenis, Pierre$d1720-1790$1http://www.wikidata.org/entity/Q15430062$94972
=700  \\$4trl$aGirdlestone, Cuthbert$d1895-1975$911134
=700  \\$4edt$aJacobi, Erwin Reuben$d1909-1979$918302
=765  \\$aRegole per arrivare a saper ben suonar il violino
=942  \\$cBOO
=952  \\$00$10$2ddc$40$6TRE_TART$70$8TRE$919480$aORPH$bORPH$cKTS1_H$d2020-07-08$eKoopman$i13G05$oTRE TART$p20124951$r2021-01-12 00:00:00$w2021-01-12$yBOO
=952  \\$00$10$2ddc$40$6TRE_TART$70$8TRE$919481$aORPH$bORPH$cKTS1_H$l0$oTRE TART$p20135763$r2021-01-12 00:00:00$w2021-01-12$yBOO$d2020-07-08
=999  \\$d19416

