=LDR  02324aam a2200301   4500
=001  19427
=008  131113r17531972\\\h\\\\\\\\\\\\\\0\fre\d
=041  \\$afre
=100  \\$aDe La Porte, Claude$4aut$920502
=245  \\$a[De la Porte] Traité théorique et pratique de l'accompagnement du clavecin. [Dubugrarre] Methode plus courte et plus facile que l'ancienne pour l'accompagnement du clavecin
=260  \\$aGenève$aParis$bMinkoff Reprint$c1972$c1753; 1754
=300  \\$a58 pages+41 pages
=500  \\$aContains the facsimile reprints of two harpsichord methods, by Claude de la Porte (1753) and Jean François Dubugrarre.
=500  \\$aNote in Biographie "universelle des musiciens" byFrançois-Joseph Fétis, 1883:  
du Bugrarre: organiste de Saint- Sauvoeur de Paris, fut au nombre des professeurs  de musique qui plaidèrent contre Guignon , roi 
des violons , vers le milieu du dix-huitième siècle,  comme on le volt par l'arrêt du parlement du  30 mai 1750. Dubugrarre a publié, en 1754, un ouvrage élémentaire qui a pour titre : Méthode plus courte et plus facile que l' ancienne pour  l' accompagnement du clavecin ; Paris, in-fol. obi. En 1760 ce musicien a donné a\issi des  principes élémentaires de musique en un petit  volume in-24 , sous le titre d'Étrennes à la  jeunesse, où Von détaille les principes de la  musique. 
=533  \\$afacsimile
=534  \\$cDe la Porte: Paris, 1753
=534  \\$cDubugrarre: Paris, 1754
=648  \0$1http://www.wikidata.org/entity/Q7015$a18th Century (1701-1800)$920899
=650  \0$1http://www.wikidata.org/entity/Q901207$aKeyboard$923503
=650  \0$1http://www.wikidata.org/entity/Q105715630$aKeyboard music$921412
=650  \0$1http://www.wikidata.org/entity/Q724321$aBasso continuo$921065
=650  \0$1http://www.wikidata.org/entity/Q2250960$aMethod$921402
=651  \0$aFrance$1http://www.wikidata.org/entity/Q142$9131
=700  \\$aDubugrarre$4aut$920942
=942  \\$cBOO
=952  \\$00$10$2ddc$40$6INS_3_000000000000000_2C_PORT$70$8INS$919493$aORPH$bORPH$cKTS0$d2020-07-08$eKoopman$i13E97$l0$oINS3.2c PORT$p20121936$r2021-01-12 00:00:00$w2021-01-12$yBOO
=952  \\$00$10$2ddc$40$6INS_LARGE_NA_INS_PER$70$8INS$924125$aORPH$bORPH$cKTS0$d2020-07-08$eHuys$l0$oINS large (na INS PER)$p20130657$r2024-11-25 15:16:05$w2021-01-12$yBOO
=999  \\$d19427

