=LDR  00959aam a2200193   4500
=001  19446
=005  20250820130241.0
=008  131113r19611553\\\\\\\\\\\\\\\\\\0\spa
=041  \\$aspa$ager$alat
=100  \\$4aut$aOrtiz, Diego$d?1508-1571$1http://www.wikidata.org/entity/Q493773$920512
=245  \\$aTratado de glosas sobre clausulas y otros generos de puntos en la musica de violones
=260  \\$aKassel$bBärenreiter$c1961
=300  \\$a37-136 pages
=700  \\$4edt$aSchneider, Max$d1875-1967$1http://www.wikidata.org/entity/Q1913387$916830
=942  \\$cBOO
=952  \\$00$10$2ddc$40$6TRE_ORTI$70$8TRE$919512$aORPH$bORPH$cKTS1_H$d2020-07-08$eKoopman$i13B17$l0$oTRE ORTI$p20124495$r2021-01-12 00:00:00$w2021-01-12$yBOO
=952  \\$00$10$2ddc$40$6TRE_ORTI$70$8TRE$920121$aORPH$bORPH$cKTS1_H$d2020-07-08$l0$oTRE ORTI$p20135791$r2021-04-30 00:00:00$w2021-04-30$yBOO$z1967 edition
=999  \\$c19446$d19446
=650  \0$aMethod$1http://www.wikidata.org/entity/Q2250960$921402

