=LDR  00718aam a2200181   4500
=001  19477
=005  20250120120105.0
=008  201116s1986\\\\\\\\\\\\\\\\\\\\\\0\dut\d
=041  \\$adut
=100  \\$aSeijbel, Maarten$4aut$916973
=245  \\$aTwee gerestaureerde Friese orgels
=260  \\$aElburg$bStichting tot behoud van het Nederlandse Orgel$c1986
=300  \\$a11 pages
=650  \0$aOrgan$1http://www.wikidata.org/entity/Q1444$92810
=651  \0$aFriesland (Netherlands)$1http://www.wikidata.org/entity/Q770$921961
=942  \\$cBOO
=952  \\$00$10$2ddc$40$6INS_3_000000000000000_1A_NL_FRI$70$8INS$919543$aORPH$bORPH$cKTS0$d2020-07-08$eKoopman$l0$oINS3.1a NL.FRI$p20130424$r2021-01-12 00:00:00$w2021-01-12$yBOO
=999  \\$d19477

