=LDR  00891aam a2200205   4500
=001  19478
=005  20250120120925.0
=008  201209s\\\\\\\\\\\\\\\\\\\\\\\\\\0\\\\
=100  \\$aSeijbel, Maarten$4aut$916973
=245  \\$aTwee interessante orgels wachten op restauratie
=260  \\$aElburg$bStichting tot behoud van het Nederlandse Orgel
=300  \\$a12 pages
=600  \0$1http://www.wikidata.org/entity/Q60787$aSchnitger, Arp$d1648-1719$910906
=610  \0$aKerk van Eenum (Eenum, The Netherlands)$926571
=610  \0$aHervormde kerk (Vaals, Netherlands)$926572
=650  \0$1http://www.wikidata.org/entity/Q1444$aOrgan$92810
=651  \0$1http://www.wikidata.org/entity/Q55$aNetherlands$9173
=942  \\$cBOO
=952  \\$00$10$2ddc$40$6INS_3_000000000000000_1A_NL$70$8INS$919544$aORPH$bORPH$cKTS0$d2020-07-08$eKoopman$l0$oINS3.1a NL$p20130856$r2021-01-12 00:00:00$w2021-01-12$yBOO
=999  \\$d19478

