=LDR  00972aam a2200205   4500
=001  19521
=005  20250120120859.0
=008  201111s2008\\\\nl\f\\\\\\\\\\\\\\0\dut\d
=041  \\$adut
=100  \\$aJongepier, Jan$d1941-2011$4aut$1http://www.wikidata.org/entity/Q1681910$919428
=245  \\$aEen uniek Westfaals orgel: het Diedrich Martens-orgel (1725) in de Protestantse kerk te Losser
=260  \\$aElburg$bStichting tot behoud van het Nederlandse Orgel$c2008
=300  \\$a53 pages
=610  \0$aProtestantse kerk (Losser, Netherlands)$925359
=650  \0$aOrgan$1http://www.wikidata.org/entity/Q1444$92810
=650  \0$aOrganology$1http://www.wikidata.org/entity/Q899293$921400
=651  \0$aLosser (Netherlands)$1http://www.wikidata.org/entity/Q10015$925360
=942  \\$cBOO
=952  \\$00$10$2ddc$40$6INS_3_000000000000000_1E_NL_LOS$70$8INS$919587$aORPH$bORPH$cKTS0$d2020-07-08$eKoopman$i44D25$l0$oINS3.1e NL.LOS$p20130367$r2021-01-12 00:00:00$w2021-01-12$yBOO
=999  \\$d19521

