=LDR  01096aam a2200217   4500
=001  19589
=005  20250321163735.0
=008  150917s1962\\\\\\\\\\\\\\\\\\\\\\0\fre\d
=041  \\$afre
=100  \\$aDe Smet, Monique$4aut$920624
=245  \\$aLa vie de violoniste Jean Malherbe, maître de chapelle de S.A.S. le Prince d'Orange et de Nassau :$bd'après ses lettres inédites
=260  \\$aBrussels$bPaleis der Academiën$c1962
=300  \\$a170 pages
=600  \0$aMalherbe, Jean$d1741-1800$1http://www.wikidata.org/entity/Q54944451$912553
=648  \0$a18th Century (1701-1800)$1http://www.wikidata.org/entity/Q7015$920899
=650  \0$aBiography$1http://www.wikidata.org/entity/Q36279$91927
=651  \0$aNetherlands$1http://www.wikidata.org/entity/Q55$9173
=942  \\$cBOO
=952  \\$00$10$2ddc$40$6BIO_MALH_D$70$8BIO$911149$aORPH$bORPH$cKTS1_P$d2020-07-08$eKoopman$i25D10$l0$oBIO MALH d$p20129277$r2021-01-12 00:00:00$w2021-01-12$yBOO
=952  \\$00$10$2ddc$40$6BIO_MALH_D$70$8BIO$919657$aORPH$bORPH$cKTS1_P$l0$oBIO MALH d$p20115746$r2021-01-12 00:00:00$w2021-01-12$yBOO$d2020-07-08
=999  \\$d19589

