=LDR  00984aam a2200181   4500
=001  19628
=005  20250109133054.0
=008  190705s1991\\\\\\\\\\\\\\\\\\\\\\0\f
=020  \\$a2252027576
=041  \\$afre
=100  \\$aImbs, Paul$4aut$920658
=245  \\$aLe voir-dit de Guillume de Machaut: étude littéraire
=260  \\$aNancy$bInstitut national de la langue française$c1991
=300  \\$a273
=520  \\$aPaul Imbs a longtemps travaillé à une édition critique du Voir-Dit de Guillaume de Machaut, augmentée d'une traduction intégrale et d'une Étude littéraire que l'on trouvera ici. Cet "essai de biographie intérieure" conduit par Paul Imbs en profonde sympathie avec l'auteur, renouvelle de manière décisive l'interprétation de l'un des textes majeurs de la littérature médiévale.
=942  \\$cBOO
=952  \\$00$10$2ddc$40$6BIO_MACH_E$70$8BIO$919696$aORPH$bORPH$cKTS1_P$d2020-07-08$eKoopman$oBIO MACH e$p20129887$r2021-01-12 00:00:00$w2021-01-12$yBOO
=999  \\$c19628$d19628

