=LDR  00639aam a2200193   4500
=001  19632
=003  OSt
=005  20250120120054.0
=008  201111s1997\\\\\\\\\\\\\\\\\\\\\\0\ger
=020  \\$a3895121002
=041  \\$ager
=100  \\$4edt$aSiegmund, Bert$916843
=245  \\$aVokale Kammermusik im 18. Jahrhundert
=260  \\$aBlankenburg$bStiftung Kloster Michaeltstein$c1997
=300  \\$a152 pages
=490  \\$aMichaelsteiner Konferenzberichte$v51
=942  \\$cBOO
=952  \\$00$10$2ddc$40$6GEN_11_000000000000000$70$8GEN$919700$aORPH$bORPH$cKM12_1$eKoopman$l0$oGEN 11$p20130415$r2021-01-12 00:00:00$w2021-01-12$yBOO$d2020-07-08
=999  \\$d19632

