=LDR  01153aam a2200253   4500
=001  19735
=005  20250820130241.0
=008  131113s1962\\\\\\\\\\\\\\\\\\\\\\0\ger
=041  \\$ager
=100  \\$4aut$aSanta Maria, Tomás de$cFray$d1510-1570$1http://www.wikidata.org/entity/Q729172$913783
=245  \\$aWie mit aller Vollkommenheit und Meisterschaft des Klavichord zu spielen sei
=250  \\$a1962
=260  \\$aLippstadt$bKistner & Siegel & Co$c1565
=300  \\$a75 pages
=534  \\$aOriginally published in 1565
=648  \0$a16th Century (1501-1600)$1http://www.wikidata.org/entity/Q7017$920944
=648  \0$a17th Century (1601-1700)$1http://www.wikidata.org/entity/Q7016$920923
=650  \0$aMethod$1http://www.wikidata.org/entity/Q2250960$921402
=651  \0$aSpain$1http://www.wikidata.org/entity/Q29$920983
=700  \\$4edt$aHarich-Schneider, Eta$d1894-1986$1http://www.wikidata.org/entity/Q1284831$96194
=700  \\$4edt$aBoadella, Ricard$920725
=942  \\$cBOO
=952  \\$00$10$2ddc$40$6INS_3_000000000000000_2C$70$8INS$919808$aORPH$bORPH$cKTS0$d2020-07-08$eKoopman$oINS3.2c$p20130653$r2021-01-12 00:00:00$w2021-01-12$yBOO
=999  \\$d19735

