=LDR  01517aam a2200229   4500
=001  19739
=008  201116|\\\\\\\\nl\f\\\\\\\\\\\\\\0\dut\d
=041  \\$adut
=100  \\$aStam, F. C.$4aut$914184
=245  \\$a...Wij komen ook voor het orgel...
=260  \\$aAmsterdam$bOrgel Westerkerk
=300  \\$a28 pages
=501  \\$aBound in with: De orgels van de Oude Kerk in Amsterdam -- Beknopte historie van het orgel in de grote kerk te Dordrecht -- De Grote of Lebuinuskerk te Deventer --Groninger Orgelagenda 1990 -- Het orgel van de Jacobikerk te Utrecht -- V. Het König-orgel in de Stevenskerk te Nijmegen -- Kort overzicht van de Franse orgelbouw -- Cesar Fanck en tijdgenoten -- Deum Laudate Chordis Cymbalis Tibiis Tympanis et Organis Sonoris
=610  \0$aWesterkerk (Amsterdam, Netherlands)$1http://www.wikidata.org/entity/Q1130722$922832
=650  \0$aOrgan$1http://www.wikidata.org/entity/Q1444$92810
=650  \0$aOrganology$1http://www.wikidata.org/entity/Q899293$921400
=651  \0$aAmsterdam (Netherlands)$1http://www.wikidata.org/entity/Q727$9135
=773  \\$021233$t[Dutch Church Organs]$w21233
=942  \\$cBOO
=952  \\$00$10$2ddc$40$6INS_3_000000000000000_1E_NL_AMS$70$8INS$919812$aORPH$bORPH$cKTS0$d2020-07-08$eKoopman$i28E25 IV$l0$oINS3.1e NL.AMS$p20130418$r2021-01-12 00:00:00$w2021-01-12$yBOO
=952  \\$00$10$2ddc$40$6INS_3_000000000000000_1E_NL_AMS$70$8INS$922153$aORPH$bORPH$cKTS0$d2020-07-08$eKoopman$i44D12$l0$oINS3.1e NL.AMS$p20126627b$r2021-01-12 00:00:00$w2021-01-12$yBOO
=999  \\$d19739

