=LDR  00886aam a2200181   4500
=001  19823
=008  201111s2009\\\\nl\af\\\\\\\\\\\\\0\dut\d
=245  \\$a"...Zijnde er geen fraaijer en doelmatiger orgel in de Provincie Friesland": over de orgels in de statie en parochiekerk van Workum
=260  \\$aElburg$bStichting tot behoud van het Nederlandse Orgel$c2009
=300  \\$a39 pages
=650  \0$aOrganology$1http://www.wikidata.org/entity/Q899293$921400
=650  \0$aOrgan$1http://www.wikidata.org/entity/Q1444$92810
=651  \0$aWorkum (Netherlands)$1http://www.wikidata.org/entity/Q73405$925562
=700  \\$4ctb$aEck, Job van$915891
=700  \\$4ctb$aTimmer, Victor$915724
=942  \\$cBOO
=952  \\$00$10$2ddc$40$6INS_3_000000000000000_1A_NL_WOR$70$8INS$919898$aORPH$bORPH$cKTS0$d2020-07-08$eKoopman$i42G26$l0$oINS3.1a NL.WOR$p20130374$r2021-01-12 00:00:00$w2021-01-12$yBOO
=999  \\$d19823

