=LDR  01070aam a2200241   4500
=001  19828
=005  20250121142132.0
=008  201111s1995\\\\gw\a\\\\\\\\\\\\\\0\ger
=041  \\$ager
=100  \\$4edt$aLustig, Monika$917540
=245  \\$aZur Baugeschichte der Harfe vom Mittelalter bis zum 19. Jahrhundert
=260  \\$aBlankenburg$bStiftung Kloster Michaeltstein$c1995
=300  \\$a132 pages
=336  \\$aprinted
=490  \\$aMichaelsteiner Konferenzberichte$v47
=648  \0$a17th Century (1601-1700)$1http://www.wikidata.org/entity/Q7016$920923
=648  \0$a18th Century (1701-1800)$1http://www.wikidata.org/entity/Q7015$920899
=648  \0$a19th Century (1801-1900)$1http://www.wikidata.org/entity/Q6955$920935
=650  \0$aHarp$1http://www.wikidata.org/entity/Q47369$93542
=650  \0$aOrganology$1http://www.wikidata.org/entity/Q899293$921400
=942  \\$cBOO
=952  \\$00$10$2ddc$40$6INS_5_000000000000000_3B$70$8INS$919903$aORPH$bORPH$cKTS0$d2020-07-08$eKoopman$iTs Mich. Konf. Ber. 47$oINS5.3b$p20129541$r2021-01-12 00:00:00$w2021-01-12$yBOO
=999  \\$d19828

