=LDR  00794aam a2200193   4500
=001  19842
=008  201111s2011\\\\nl\fa\\\\\\\\\\\\\0\dut\d
=041  \\$adut
=100  \\$aWullink, Henny$4aut$920809
=245  \\$aDe Zwolse Orgelmaker Jan van Loo (1823-1910)
=260  \\$aElburg$bStichting tot behoud van het Nederlandse Orgel$c2011
=300  \\$a39 pages
=600  10$926052$aLoo, Jan van
=650  \0$aOrgan$1http://www.wikidata.org/entity/Q1444$92810
=650  \0$aOrganology$1http://www.wikidata.org/entity/Q899293$921400
=651  \0$1http://www.wikidata.org/entity/Q55$aNetherlands$9173
=942  \\$cBOO
=952  \\$00$10$2ddc$40$6INS_3_000000000000000_1B_LOO$70$8INS$919917$aORPH$bORPH$cKTS0$d2020-07-08$eKoopman$i42G26$l0$oINS3.1b LOO$p20130370$r2021-01-12 00:00:00$w2021-01-12$yBOO
=999  \\$d19842

