=LDR  01369cam a22003614a 4500
=001  19846
=003  OSt
=005  20210413164324.0
=008  030312r20021721gw\\\\\\\b\\\\000\0\ger\c
=010  \\$a  2003425825
=024  2\$aM501002276 (hd. bd.) :$cEUR17.00
=035  \\$a(OCoLC)ocm50130280
=035  \\$a(OCoLC)50130280
=040  \\$aOHX$cOHX$dCLU$dNOC$dDLC
=041  \\$ager
=042  \\$alccopycat
=072  \7$aML$2lcco
=072  \7$aBV$2lcco
=100  1\$aScheibel, Gottfried Ephraim,$d1696-1759.$4aut
=245  10$aZufällige Gedanken von der Kirchenmusic ;$bGeschichte der Kirchenmusik /$cScheibel.
=260  \\$aStuttgart :$bCornetto-Verlag,$c2002.
=300  \\$a84 pages, 48 pages, 7 pages ;$c15 cm.
=490  0\$aFaksimile-Edition Theoretica ;$v1
=504  \\$aIncludes bibliographical references.
=650  \0$aChurch music.
=700  1\$aLölkes, Herbert.
=700  1\$aScheibel, Gottfried Ephraim,$d1696-1759.$tGeschichte der Kirchenmusik.
=740  02$aGeschichte der Kirchenmusic.
=906  \\$a7$bcbc$cpccadap$d3$encip$f20$gy-gencatlg
=942  \\$2ddc$cBOO
=952  \\$00$10$2ddc$40$6GEN_2_000000000000000$70$8GEN$919923$aORPH$bORPH$cKM12_1$d2020-07-08$eKoopman$l0$oGEN 2$p20127112$r2021-02-09 00:00:00$w2021-02-09$yBOO
=955  \\$aof04 2003-03-12 to SMCD$avl00 2003-03-31$avk17 2007-01-05 z-client$ivk17 2007-01-05
=999  \\$c19846$d19846

