=LDR  01104cam a2200253 a 4500
=001  19854
=005  20250920143351.0
=008  880325s1988\\\\au\g\\\\\b\\\\001\0\ger\\
=020  \\$a3201013986
=040  \\$aOI
=041  \\$ager
=100  2\$aMoens-Haenen, Greta.$4aut
=245  14$aDas Vibrato in der Musik des Barock :$bein Handbuch zur Aufführungspraxis für Vokalisten und Instrumentalisten 
=260  \\$aGraz :$bAkademische Druck- und Verlagsanstalt,$cc1988.
=300  \\$a315 pages$bmusic$c29 cm
=500  \\$aIncludes indexes.
=504  \\$aBibliography: p. 294-306.
=648  \0$a17th Century (1601-1700)$1http://www.wikidata.org/entity/Q7016$920923
=650  \0$aVibrato$1http://www.wikidata.org/entity/Q377435$922981
=650  \0$aHistorically informed performance$1http://www.wikidata.org/entity/Q1344860$920980
=650  \0$aMusic history$1http://www.wikidata.org/entity/Q846047$921373
=942  \\$cBOO
=952  \\$00$10$2ddc$40$6MTP_2_000000000000000_MOEN$70$8MTP$919937$aORPH$bORPH$cKM12_1$d2020-07-08$eKoopman$i19A04$oMTP2 MOEN$p20125173$r2021-03-01 00:00:00$w2021-03-01$yBOO
=999  \\$d19854

