=LDR  00767cam a22002054a 4500
=001  19856
=005  20251001162234.0
=008  011001s2000\\\\it\\\\\\\b\\\\001\0\ita\\
=020  \\$a8871051114
=040  \\$aOI
=100  \\$aSequeri, Pierangolo$4aut$920864
=245  12$aL'Estro di Dio: saggi di estetica
=260  \\$aMilan$bGlossa$c2000
=300  \\$axii, 490 p. ;$c21 cm.
=504  \\$aIncludes bibliographical references (p. 483-485) and index.
=650  \0$aAesthetics$1http://www.wikidata.org/entity/Q35986$921494
=650  \0$aReligion$1http://www.wikidata.org/entity/Q9174$93062
=942  \\$cBOO
=952  \\$00$10$2ddc$40$6AES_SEQU$70$8AES$919939$aORPH$bORPH$cKM12_1$d2020-07-08$eKoopman$i24C66$l0$oAES SEQU$p20128978$r2021-03-01 00:00:00$w2021-03-01$yBOO
=999  \\$d19856

