=LDR  00732nam a22001697a 4500
=001  19858
=008  230419s1971\\\\||||||||\b|||\00|\0\eng\d
=100  \\$aVinquist, Mary$920867
=245  \\$aPerformance Pratice:$bA Bibliography
=260  \\$aNew York$bNorton$c1971
=300  \\$a114 pages
=650  \0$aHistorically informed performance$1http://www.wikidata.org/entity/Q1344860$920980
=650  \0$1https://www.wikidata.org/wiki/Q134995$aBibliography$1http://www.wikidata.org/entity/Q134995$93965
=700  \\$aZaslaw, Neal$d-1939$914168
=942  \\$cBOO
=952  \\$00$10$2ddc$40$6MTP_2_000000000000000_VINQ$70$8MTP$919941$aORPH$bORPH$cKM12_1$d2020-07-08$eKoopman$i30F22$l0$oMTP2 VINQ$p20123308$r2021-03-01 00:00:00$w2021-03-01$yBOO
=999  \\$d19858

