=LDR  00806nam a22001817a 4500
=001  19859
=008  210410s2013\\\\\\\|||||\||||\00|\0\eng\d
=020  \\$a9780253010605
=041  \\$aeng
=100  \\$aKuijken, Barthold$d1949-$4edt$1http://www.wikidata.org/entity/Q749926$920868
=245  \\$aThe Notation is Not the Music: Reflections on Early Music Practice and Performance
=260  \\$aBloomington$bIndiana University Press$c2013
=300  \\$a124 pages
=650  \0$aHistorically informed performance$1http://www.wikidata.org/entity/Q1344860$920980
=650  \0$aNotation$1http://www.wikidata.org/entity/Q233861$91964
=942  \\$cBOO
=952  \\$00$10$2ddc$40$6TRE_KUIJ$70$8TRE$919942$aORPH$bORPH$cKTS1_H$d2020-07-08$eKoopman$i44G31$l0$oTRE KUIJ$p20126845$r2021-03-01 00:00:00$w2021-03-01$yBOO
=999  \\$c19859$d19859

