=LDR  00895nam a22001937a 4500
=001  19860
=008  210302b\\\\\\\\be\|||||\||||\00|\0\eng\d
=041  \\$ager$hfre
=100  \\$aAnonymous$4aut$94790
=245  \\$aMedicinische Anekdoten 1767.
=260  \\$aZürich$aMunich$bArtemis$c1977
=300  \\$a[xxi]-256 pages
=504  \\$aFacsimile
=534  \\$cFrankfurt und Leipzig: bey Tobias Göbhardt, 1767
=590  \\$aOder Sammlung besonderer Fälle, welche in die Anatomie, Pharmaceutik, Naturgeschichte &c. einschlagen, nebst einigen merkwürdigen Nachrichten von den berühmtesten Aerzten, aus dem Französischen übersetzt. Erster Theil
=942  \\$cBOO
=952  \\$00$10$2ddc$40$6SCI_ANON$70$8SCI$919943$aORPH$bORPH$cKM12_1$d2020-07-08$eKoopman$i13A24$l0$oSCI ANON$p20121974$r2021-03-02 00:00:00$w2021-03-02$yBOO
=999  \\$c19860$d19860
=650  \0$aScience$1http://www.wikidata.org/entity/Q7991$921650

