=LDR  01636nam a22002297a 4500
=001  19863
=008  210308b\\\\\\\\be\|||||\||||\00|\0\eng\d
=041  \\$adut$hita
=100  \\$aGuicciardini, Lodovico$d1521-1589$4aut$1http://www.wikidata.org/entity/Q940660$920914
=245  \\$aBeschryvinghe van alle de Neder-Landen;$banderssins ghenoemt Neder-Duytslandt
=260  \\$aAmsterdam$bHet Parool
=300  \\$a396 pages
=490  \\$aHerleefd verleden
=534  \\$aDescrittione di Lodovico Guicciardini patritio fiorentino di tutti i Paesi Bassi altrimenti detti Germania inferiore$c1567
=590  \\$aDoor Lowijs Guicciardijn, Edelman van Florencen: Oversien ende vermeerdert meer dan de helft by den selven Autheur: Met alle de Landt-Caerten der voorseyde Landen, ende vele Contrefeytselen der steden natuerlijck ghetrocken. Overgheset in de Nederduytsche spraecke, door Cornelium Kilianum. Nu wederom met verscheyden Historien ende aenmerckinghen vermeerdert ende verciert, door Petrum Montanum. Met een seer wijtloopighe Tafel van de ghedenckweerdichste dinghen
=651  \0$aNetherlands$1http://www.wikidata.org/entity/Q55$9173
=700  \\$4trl$aKiel, Cornelis$d1528-1607$eTranslator$1http://www.wikidata.org/entity/Q1999639$920915
=700  \\$4aui$aZwager, H. H.$eAuthor of introduction$915669
=765  \\$aDescrittione di Lodovico Guicciardini patritio fiorentino di tutti i Paesi Bassi altrimenti detti Germania inferiore
=942  \\$cBOO
=952  \\$00$10$2ddc$40$6TOP_NL_4_000000000000000$70$8TOP$919947$aORPH$bORPH$cKTS0$d2020-07-08$eKoopman$i14G25$l0$oTOP NL 4$p20126230$r2021-03-08 00:00:00$w2021-03-08$yBOO
=999  \\$c19863$d19863

