=LDR  00610nam a22001457a 4500
=001  19879
=008  210311b\\\\\\\\be\|||||\||||\00|\0\eng\d
=041  \\$ager
=100  \\$aRamazzini, Bernardino $d1633-1714$4aut$920939
=245  \\$aUntersuchung von den Kranckheiten der Künstler und Handwerker 1718.$bFacsimile, mit einen Nachwort von Dr. S. Schwann
=260  \\$aLeipzig$bZentralantiquariat der DDR$c1977
=300  \\$a484 pages
=942  \\$cBOO
=952  \\$00$10$2ddc$40$6SCI_RAMA$70$8SCI$919963$aORPH$bORPH$cKM12_1$d2020-07-08$eKoopman$i13B20$l0$oSCI RAMA$p20124492$r2021-03-11 00:00:00$w2021-03-11$yBOO
=999  \\$c19879$d19879

