=LDR  01165ncm a22002537a 4500
=001  19881
=008  210311r19981761be\|||||\||||\00|\0\fre\d
=041  \\$afre$adut
=059  \\$abc
=100  \\$avan den Gheyn, Matthias$d1721-1785$4aut$1http://www.wikidata.org/entity/Q3160421$919996
=245  \\$aFondements de la basse continuë 
=260  \\$aUtrecht$bMusica Repartita$c1998
=300  \\$a74 pages
=490  \\$aMusica Repartita$v189
=533  \\$aFacsimile$d1998
=534  \\$cLeuven, 1764
=590  \\$aavec les explications en françois et en flamand, deux leçons et douze petites sonates fort utiles aux disciples pour aprendre à accompagner la basse continuë
=648  \0$a18th Century (1701-1800)$1http://www.wikidata.org/entity/Q7015$920899
=650  \0$aMethod$1http://www.wikidata.org/entity/Q2250960$921402
=650  \0$aBasso continuo$1http://www.wikidata.org/entity/Q724321$921065
=651  \0$aLeuven (Belgium)$1http://www.wikidata.org/entity/Q118958$926817
=942  \\$cBOO
=952  \\$00$10$2ddc$40$6TRE_GHEY$70$8TRE$919965$aORPH$bORPH$cKTS1_H$d2020-07-08$eKoopman$i13I32$l0$oTRE GHEY$p20126435$r2021-03-11 00:00:00$w2021-03-11$yBOO
=999  \\$d19881

