=LDR  01314cam a2200265 a 4500
=001  19882
=005  20250121142132.0
=008  940414s1993\\\\gw\ag\\\\b\\\\001\0\ger\d
=020  \\$a3795905907
=040  \\$aOI
=041  \\$ager
=100  \\$aMiehling, Klaus$4aut$920945
=245  14$aDas Tempo in der Musik von Barock und Vorklassik.$bDie Antwort der Quellen auf ein umstrittenes Thema
=260  \\$aWilhelmshaven$bFlorian Noetzel$c1993
=300  \\$a528 pages$bill., music ;$c21 cm.
=500  \\$aIncludes Leçons and Airs from Michel L'Affilard's Principes très-faciles pour bien apprendre la musique.
=504  \\$aIncludes bibliographical references (p. 429-443) and index.
=600  \0$aL'Affilard, Michel$dc. 1656-1708$1http://www.wikidata.org/entity/Q23418853$95992
=648  \0$a17th Century (1601-1700)$1http://www.wikidata.org/entity/Q7016$920923
=648  \0$a18th Century (1701-1800)$1http://www.wikidata.org/entity/Q7015$920899
=650  \0$aTempo$1http://www.wikidata.org/entity/Q189214$92723
=650  \0$aHistorically informed performance$1http://www.wikidata.org/entity/Q1344860$920980
=942  \\$cBOO
=952  \\$00$10$2ddc$40$6MTP_1_000000000000000_MIEH$70$8MTP$919966$aORPH$bORPH$cKM12_1$d2020-07-08$eKoopman$i35A09$l0$oMTP1 MIEH$p20122549$r2021-03-12 00:00:00$w2021-03-12$yBOO
=999  \\$d19882

