=LDR  00971cam a2200193   4500
=001  19886
=005  20250120120348.0
=008  810912r19721763\\\||||\\\\\\\00|\||eng\\
=041  \\$aeng
=100  \\$aBrown, John$d1715-1766$4aut$1http://www.wikidata.org/entity/Q2392898$95976
=245  \\$aA dissertation on the rise, union, and power, the progressions, separations, and corruptions, of poetry and music
=246  \4$aA Dissertation on Poetry and Music
=260  \\$aWestmead$bGregg International Publishers Limited$c1972
=300  \\$a244 pages
=590  \\$aA dissertation on the rise, union, and power, the progressions, separations, and corruptions, of poetry and music : to which is prefixed, The cure of Saul. A sacred ode
=942  \\$cBOO
=952  \\$00$10$2ddc$40$6TRE_BROW$70$8TRE$919970$aORPH$bORPH$cKTS1_H$d2020-07-08$eKoopman$l0$oTRE BROW$p20126071$r2021-03-17 00:00:00$w2021-03-17$yBOO
=999  \\$c19886$d19886
=650  \0$aPoetry$1http://www.wikidata.org/entity/Q482$93026

