=LDR  00790cam a22002051  4500
=001  19888
=005  20250120115934.0
=008  820730r19871876\\\ag\\\\\\\\\000\0\eng\\
=040  \\$aOI
=041  \\$aeng
=100  1\$aBosanquet, R. H. M.$d1841-1912$4aut
=245  \\$aAn Elementary Treatise on Musical Intervals and Temperament
=260  \\$aUtrecht$bDiapason$c1987
=300  \\$a174 pages
=490  \\$aTuning and Temperament Library$v4
=650  \0$aTemperament$1http://www.wikidata.org/entity/Q55073971$921656
=700  \\$4edt$aRasch, Rudolf$d1945-$1http://www.wikidata.org/entity/Q112427566$913439
=942  \\$cBOO
=952  \\$00$10$2ddc$40$6TRE_BOSA$70$8TRE$919972$aORPH$bORPH$cKTS1_H$d2020-07-08$eKoopman$i14C31$l0$oTRE BOSA$p20126189$r2021-03-19 00:00:00$w2021-03-19$yBOO
=999  \\$c19888$d19888

