=LDR  00821ccm a2200217ui 4500
=001  19892
=005  20250109133302.0
=008  210319r19241594\\\|||||\||||\00|\0\ita\d
=040  \\$aOI
=041  \\$aita$ager
=100  \\$aBottrigari, Ercole$d1531-1612$4aut$1http://www.wikidata.org/entity/Q4095200$921001
=245  13$aIl desiderio overo de' concerti di varii strumenti musicali
=260  \\$aBerlin$bM. Breslauer$c1924
=300  \\$a31 + 51 pages
=490  \\$aVeröffentlichungen der Musik-Bibliothek Paul Hirsch$v5
=650  \0$aMusic theory
=650  \0$aOrchestral music
=700  \\$aMeyer-Baer, Kathi$d1892-1977$4aui$921005
=942  \\$cBOO
=952  \\$00$10$2ddc$40$6TRE_BOTT$70$8TRE$919976$aORPH$bORPH$cKTS1_H$d2020-07-08$eKoopman$i14D12$l0$oTRE BOTT$p20124680$r2021-03-19 00:00:00$w2021-03-19$yBOO
=999  \\$c19892$d19892

