=LDR  00495nam a22001337a 4500
=001  19894
=008  210323b\\\\\\\\\\\|||||\||||\00|\0\\d
=245  \\$aVerzamelmap Handschriften / Oude drukken
=300  \\$a9 vols.
=336  \\$anotated music$ascore
=500  \\$aCollection of scores and letters
=942  \\$cMS
=952  \\$00$10$2ddc$40$6KTS_1_000000000000000_C1_34_07E71$70$8RAR$919978$aORPH$bORPH$cKTS1_C1$d2020-07-08$eKoopman$oKTS1 C1.34 07E71$p20136136$r2021-03-23 00:00:00$w2021-03-23$yMS
=999  \\$c19894$d19894

