=LDR  01222cam a2200277 a 4500
=001  19895
=005  20250120120039.0
=008  171026r19931660it\gh\\\\b\\\\000\0\lat\d
=010  \\$a  2017562407
=020  \\$a8870960412
=020  \\$a9788870960419
=022  \\$a11210508
=041  0\$alat$gItalian$gEnglish
=100  \\$aBontempi, Giovanni Andrea$d1624-1705$4aut$97667
=245  10$aNova quatuor vocibus componendi methodus
=260  \\$aLucca$bLibreria musicale Italiana$c1993
=300  \\$axviii + 31 pages
=490  1\$aMusurgiana$v19
=500  \\$aFacsimile reprint of the 1660 ed. published Typis Seyffertinis, Dresden, with new introduction
=546  \\$aText in Latin; introduction in Italian and English
=650  \0$aMusic theory$1http://www.wikidata.org/entity/Q193544$92662
=700  \\$aWitzenmann, Wolfgang$d1937-$4edt$910684
=776  08$iOnline version:$aAngelini Bontempi, Giovanni Andrea, 1624-1705.$tNova quatuor vocibus componendi methodus.$dLucca : Libreria Musicale Italiana, ©1993$w(OCoLC)639353939
=942  \\$cBOO
=952  \\$00$10$2ddc$40$6TRE_BONT$70$8TRE$919979$aORPH$bORPH$cKTS1_H$d2020-07-08$eKoopman$i13I05$l0$oTRE BONT$p20126407$r2021-03-24 00:00:00$w2021-03-24$yBOO
=999  \\$c19895$d19895

