=LDR  00986nam a22002297a 4500
=001  19896
=008  210324r19571594\\\|||||\||||\00|\0\ita\d
=041  \\$aita
=100  \\$4aut$aBovicelli, Giovanni Battista$921047
=245  \\$aRegole passagi di musica
=300  \\$a88 pages
=490  \\$aDocumenta musicologica, erste Reihe: Druckschriften-Faksimiles$v12
=534  \\$cVenice: Vincenti, 1594
=590  \\$aRegoli passaggi de musica, madrigali e motetti passeggiati
=648  \0$a16th Century (1501-1600)$1http://www.wikidata.org/entity/Q7017$920944
=650  \0$aDiminution$1http://www.wikidata.org/entity/Q1225810$922454
=650  \0$aMethod$1http://www.wikidata.org/entity/Q2250960$921402
=651  \0$aVenice (Italy)$1http://www.wikidata.org/entity/Q641$91
=700  \\$4edt$aBridgman, Nanie$921048
=942  \\$cBOO
=952  \\$00$10$2ddc$40$6TRE_BOVI$70$8TRE$919980$aORPH$bORPH$cKTS1_H$d2020-07-08$eKoopman$i12D12$oTRE BOVI$p20136149$r2021-03-24 00:00:00$w2021-03-24$yBOO
=999  \\$d19896

