=LDR  00689cam a22001812  4500
=001  19898
=005  20250120120039.0
=008  820513r19701687it\g\\\\\\\\\\000\0\ita\\
=040  \\$aOI
=100  \\$aBerardi, Angelo$d1636-1694$4aut$1http://www.wikidata.org/entity/Q535629$921050
=245  10$aDocumenti armonici
=260  \\$aBologna$bForni$c1970
=300  \\$a178 pages
=490  \\$aBibliotheca musica Boniensis$vSezione II N. 40a
=650  \0$aMusic theory$1http://www.wikidata.org/entity/Q193544$92662
=942  \\$cBOO
=952  \\$00$10$2ddc$40$6TRE_BERA$70$8TRE$919982$aORPH$bORPH$cKTS1_H$d2020-07-08$eKoopman$i14D16$l0$oTRE BERA$p20124676$r2021-03-24 00:00:00$w2021-03-24$yBOO
=999  \\$c19898$d19898

