=LDR  01020nam a22002177a 4500
=001  19899
=008  210326r19981770\\\|||||\||||\00|\0\dut\d
=024  \\$2Musica Repartita$aMR. 190
=041  \\$adut$afre
=100  \\$4aut$aBoutmy, Jean-Joseph$d1725-1782$1http://www.wikidata.org/entity/Q4100246$96202
=245  \\$aTraité abregé sur la basse continue = Korte verhandeling over de basso continuo
=260  \\$aUtrecht$bMusica repartita$c1998
=300  \\$a34 pages$eSupplement with English translation
=534  \\$cThe Hague: Hummel, c. 1770
=648  \0$a18th Century (1701-1800)$1http://www.wikidata.org/entity/Q7015$920899
=650  \0$aMethod$1http://www.wikidata.org/entity/Q2250960$921402
=650  \0$aBasso continuo$1http://www.wikidata.org/entity/Q724321$921065
=651  \0$aNetherlands$1http://www.wikidata.org/entity/Q55$9173
=942  \\$cBOO
=952  \\$00$10$2ddc$40$6TRE_BOUT$70$8TRE$919983$aORPH$bORPH$cKTS1_H$d2020-07-08$eKoopman$i12D30$oTRE BOUT$p20136173$r2021-03-26 00:00:00$w2021-03-26$yBOO
=999  \\$d19899

