=LDR  00738cam a2200193u  4500
=001  19901
=005  20250120120346.0
=008  831117r19681628it\\\\\\\\\\\\000\0\ita\\
=040  \\$aOI
=100  \\$aBanchieri, Adriano$d1568-1634$4aut$1http://www.wikidata.org/entity/Q347804$95930
=245  10$aLettere Armoniche
=260  \\$aBologna$bForni$c1968
=300  \\$a160-38 pages
=490  \\$aBibliotheca musica Bononiensis$vSezione V N. 21
=700  \\$4edt$aVecchi, Guiseppe$917923
=942  \\$cBOO
=952  \\$00$10$2ddc$40$6TRE_BANC$70$8TRE$919985$aORPH$bORPH$cKTS1_H$d2020-07-08$eKoopman$i14C35$l0$oTRE BANC$p20126185$r2021-03-26 00:00:00$w2021-03-26$yBOO
=999  \\$c19901$d19901
=650  \0$aMusic theory$1http://www.wikidata.org/entity/Q193544$92662

