=LDR  01410cam a22002771  4500
=001  19902
=005  20250820130241.0
=008  740507r19681614it\\\\\\\\\\\\000\0\ita\\
=040  \\$aOI
=041  \\$aita
=100  \\$aBanchieri, Adriano$d1568-1634$4aut$1http://www.wikidata.org/entity/Q347804$95930
=245  10$aCartella musicale nel canto figurato, fermo & contrapunto
=260  \\$aBologna$bForni editore$c1968
=300  \\$a248 pages
=490  \\$aBibliotheca musica Bononiensis$vSezione II N. 26
=534  \\$aOriginally 'Cartella overo Regole utilissime à quelli che desiderano imparare il Canto Figurato. Nuouamente da varie opinioni di musici eccellenti ridotte in vn piaceuole Dialogo di maestro, et Discepolo. Et diuise in Due Parti per Adriano Banchieri Bolognese, Organista di Santa Maria in Regola.'$cVenice: Vincenti, 1601
=648  \0$a17th Century (1601-1700)$1http://www.wikidata.org/entity/Q7016$920923
=650  \0$aMethod$1http://www.wikidata.org/entity/Q2250960$921402
=650  \0$aMusic theory
=650  \0$aPlainchant$1http://www.wikidata.org/entity/Q2707688$921363
=650  \0$aCounterpoint
=651  \0$aItaly$1http://www.wikidata.org/entity/Q38$922
=700  \\$4edt$aVecchi, Guiseppe$917923
=942  \\$cBOO
=952  \\$00$10$2ddc$40$6TRE_BANC$70$8TRE$919986$aORPH$bORPH$cKTS1_H$d2020-07-08$eKoopman$i14C34$oTRE BANC$p20126186$r2021-03-26 00:00:00$w2021-03-26$yBOO
=999  \\$d19902

