=LDR  01113nam a22002417a 4500
=001  19903
=008  210326r19691642\\\|||||\||||\00|\0\dut\d
=041  \\$adut$aeng
=100  \\$4aut$aBan, Jan Albert$d1597-1644$1http://www.wikidata.org/entity/Q3040420$94893
=245  \\$aZangh-Bloemzel & Kort Sangh-Bericht
=260  \\$aAmsterdam$bFrits Knuf$c1969
=300  \\$ax-53
=490  \\$aEarly Music Theory in the Low Countries$v1
=500  \\$aOne of the first books to propose (unsuccessfully) Dutch equivalents for musical terminology
=534  \\$a'Zangh-bloemzel' was originally published in 1642, 'Kort sangh-bericht' in 1643
=648  \0$1http://www.wikidata.org/entity/Q7016$a17th Century (1601-1700)$920923
=650  \0$aTerminology$1http://www.wikidata.org/entity/Q9357442$924458
=650  \0$aDutch$926205
=651  \0$1http://www.wikidata.org/entity/Q55$aNetherlands$9173
=700  \\$4edt$aNoske, Frits$d1920-1993$913020
=942  \\$cBOO
=952  \\$00$10$2ddc$40$6TRE_BAN$70$8TRE$919987$aORPH$bORPH$cKTS1_H$d2020-07-08$eKoopman$i14D06$l0$oTRE BAN$p20124686$r2021-03-26 00:00:00$w2021-03-26$yBOO
=999  \\$d19903

