=LDR  00757cam a22002171a 4500
=001  19909
=005  20230123111858.0
=008  720214r19691556it\ag\\\\\\\\\000\0\lat\\
=040  \\$aOI
=041  \\$alat
=100  \\$aFinck, Hermann$d1527-1558$4aut$921115
=245  10$aPractica musica
=260  \\$aBologna$bForni$c1969
=300  \\$a354 pages
=490  \\$aBibliotheca musica Bononiensis$vSezione II N. 21
=500  \\$aReprint. Originally published: Wittenberg : Rhau, 1556
=650  \0$aMusic theory$vEarly works to 1800
=700  \\$4edt$aVecchi, Guiseppe$917923
=942  \\$cBOO
=952  \\$00$10$2ddc$40$6TRE_FINC$70$8TRE$919993$aORPH$bORPH$cKTS1_H$d2020-07-08$eKoopman$i13A28$l0$oTRE FINC$p20121970$r2021-03-30 00:00:00$w2021-03-30$yBOO
=999  \\$c19909$d19909

