=LDR  00739nam a22001817a 4500
=001  19919
=008  210402r19971701\\\|||||\||||\00|\0\ger\d
=024  \\$aISMN M700032968
=041  \\$ager
=100  \\$4aut$aBöddecker, Philipp Jakob$d1642-1707$921136
=245  \\$aManuductio nova methodico-practica ad bassum generalem: das ist: neue, Vortheilhaffte, reale Handleitung zu dem General-Bass
=260  \\$aStuttgart$bCornetto$c1997
=300  \\$a43 pages
=500  \\$aFaksimile-Edition
=942  \\$cBOO
=952  \\$00$10$2ddc$40$6TRE_BODD$70$8TRE$920004$aORPH$bORPH$cKTS1_H$d2020-07-08$eKoopman$i13F15$l0$oTRE BODD$p20124383$r2021-04-02 00:00:00$w2021-04-02$yBOO
=999  \\$c19919$d19919
=650  \0$aMethod$1http://www.wikidata.org/entity/Q2250960$921402

