=LDR  00882cam a2200229 a 4500
=001  19920
=005  20250120120039.0
=008  950731r19781517po\g\\\\\\\\\\000\0\lat\\
=040  \\$aOI
=041  0\$alat$aeng$apol
=100  \\$aFelsztyna, Sebastian z$d1480-1544$4aut$921137
=245  10$aOpusculum musicæ compilatum
=246  \1$aOpusculum musicae compilatum
=260  \\$aKraków$bPolskie Wydawnictwo Muzyczne$c1978
=300  \\$a40 pages
=534  \\$cKraków: J. Haller, 1517
=648  \0$a16th Century (1501-1600)$1http://www.wikidata.org/entity/Q7017$920944
=650  \0$aMusic theory$1http://www.wikidata.org/entity/Q193544$92662
=651  \0$aPoland$1http://www.wikidata.org/entity/Q36$996
=942  \\$cBOO
=952  \\$00$10$2ddc$40$6TRE_FELS$70$8TRE$920005$aORPH$bORPH$cKTS1_H$d2020-07-08$eKoopman$i13A29$l0$oTRE FELS$p20121969$r2021-04-02 00:00:00$w2021-04-02$yBOO
=999  \\$d19920

