=LDR  00762nam a22001937a 4500
=001  19922
=008  210402r19871690\\\|||||\||||\00|\0\fre\d
=020  \\$a2905400293
=041  \\$afre
=100  \\$4aut$aFuretière, Antoine$d1619-1688$1http://www.wikidata.org/entity/Q586211$96238
=245  \\$aDictionnaire de musique d'après Furetière
=260  \\$aBéziers$bSociété de musicologie de Languedoc$c1987
=300  \\$a46 pages
=500  \\$aFaksimile
=700  \\$4win$aMaillard, Jean-Christophe$921139
=942  \\$cBOO
=952  \\$00$10$2ddc$40$6TRE_FURE$70$8TRE$920007$aORPH$bORPH$cKTS1_H$d2020-07-08$eKoopman$i14I27$l0$oTRE FURE$p20126268$r2021-04-02 00:00:00$w2021-04-02$yBOO
=999  \\$c19922$d19922
=650  \0$aDictionary$1http://www.wikidata.org/entity/Q23622$921580

