=LDR  00816nam a22001937a 4500
=001  19923
=008  210402r19671725\\\|||||\||||\00|\0\lat\d
=041  \\$alat$aeng$ager
=100  \\$4aut$aFux, Johann Joseph$d1660-1741$1http://www.wikidata.org/entity/Q311378$910900
=245  \\$aGradus ad Parnassum
=260  \\$aKassel$bBärenreiter$c1967
=260  \\$aGraz$bAkademische Druck- U. Verlagsanstalt$c1967
=300  \\$axix-280-13 pages$clarge
=490  \\$aJohann Joseph Fux: Sämtliche Werke$vSerie VII Band 1
=700  \\$4win$aMann, Alfred$d1917-2006$915599
=942  \\$cBOO
=952  \\$00$10$2ddc$40$6TRE_FUX$70$8TRE$920008$aORPH$bORPH$cKTS1_H$d2020-07-08$eKoopman$i14I28$l0$oTRE FUX$p20126267$r2021-04-02 00:00:00$w2021-04-02$yBOO
=999  \\$c19923$d19923
=650  \0$aMusic theory$1http://www.wikidata.org/entity/Q193544$92662

