=LDR  01021cam a2200241 a 4500
=001  19924
=005  20250820130241.0
=008  940114r19911844ne\a\\\\\b\\\\000\0\ger\\
=020  \\$a906027363X
=040  \\$aOI
=041  \\$ager
=100  \\$aFürstenau, Anton Bernhard$d1792-1852$4aut$1http://www.wikidata.org/entity/Q68254$921141
=245  14$aDie Kunst des Flötenspiels op.138
=260  \\$aBuren$bF. Knuf$c1991
=300  \\$axxxii-90 pages$eFlute part and a score for flute and piano inserted
=490  \\$aFlute Library$v8
=500  \\$aReprint of the ed. published: Leipzig : Breitkopf & Härtel, 1844.
=500  \\$aPrefatory material in German includes biographical information on Fürstenau and his works.
=650  \0$aMethod$1http://www.wikidata.org/entity/Q2250960$921402
=700  \\$aDelius, Nikolaus$4win$914671
=942  \\$cBOO
=952  \\$00$10$2ddc$40$6TRE_FURS$70$8TRE$920009$aORPH$bORPH$cKTS1_H$d2020-07-08$eKoopman$i13E35$l0$oTRE FURS$p20124440$r2021-04-02 00:00:00$w2021-04-02$yBOO
=999  \\$c19924$d19924

