=LDR  00958cam a2200265 a 4500
=001  19926
=005  20250120120039.0
=008  171116r19881553it\a\\\\\b\\\\000\0\ita\d
=010  \\$a  2017562411
=020  \\$a8870960021
=020  \\$a9788870960020
=041  \\$aita
=100  \\$aDentice, Luigi$d1510-1566$4aut$921149
=245  10$aDuo dialoghi della musica
=260  \\$aLucca$bLibreria Musicale Italiana$c1988
=300  \\$a77 pages
=490  \\$aMusurgiana$v3
=534  \\$cRoma: Lucrino, 1553
=648  \0$a16th Century (1501-1600)$1http://www.wikidata.org/entity/Q7017$920944
=650  \0$aMusic theory$1http://www.wikidata.org/entity/Q193544$92662
=651  \0$aItaly$1http://www.wikidata.org/entity/Q38$922
=700  \\$aBarbieri, Patrizio$d?-2024$4edt$910277
=942  \\$cBOO
=952  \\$00$10$2ddc$40$6TRE_DENT$70$8TRE$920011$aORPH$bORPH$cKTS1_H$d2020-07-08$eKoopman$i13A33$l0$oTRE DENT$p20121965$r2021-04-02 00:00:00$w2021-04-02$yBOO
=999  \\$d19926

