=LDR  00613nam a22001697a 4500
=001  19928
=008  210402r19751690\\\|||||\||||\00|\0\fre\d
=041  \\$afre
=100  \\$4aut$aDerosier, Nicolas$921151
=245  \\$aLes principe de la guitarre
=260  \\$aBologna$bA. Forni$c1975
=300  \\$axii
=490  \\$aBibliotheca musica Bononiensis$vSezione IV N. 213
=650  \0$aGuitar$1http://www.wikidata.org/entity/Q6607$921152
=942  \\$cBOO
=952  \\$00$10$2ddc$40$6TRE_DERO$70$8TRE$920013$aORPH$bORPH$cKTS1_H$d2020-07-08$eKoopman$i13G44$l0$oTRE DERO$p20124905$r2021-04-02 00:00:00$w2021-04-02$yBOO
=999  \\$c19928$d19928

