=LDR  00765nam a22001817a 4500
=001  19929
=008  210402r19711596\\\|||||\||||\00|\0\ita\d
=041  \\$aita
=100  \\$4aut$aBona, Valerio$dfl. 1590-1614$1http://www.wikidata.org/entity/Q16859665$921153
=245  \\$aEssempi delli passaggi delle consonanze, et dissonanze, et d'altre cose pertinenti al compositore
=260  \\$aMilan$bA.M.I.S.$c1971
=300  \\$a28 pages
=490  \\$aMonumenta Brixiensia$v5
=700  \\$4edt$aVecchi, Guiseppe$917923
=942  \\$cBOO
=952  \\$00$10$2ddc$40$6TRE_BONA$70$8TRE$920014$aORPH$bORPH$cKTS1_H$d2020-07-08$eKoopman$i13I53$l0$oTRE BONA$p20126412$r2021-04-02 00:00:00$w2021-04-02$yBOO
=999  \\$c19929$d19929
=650  \0$aMusic theory$1http://www.wikidata.org/entity/Q193544$92662

