=LDR  00692nam a22001817a 4500
=001  19930
=008  210402r19791624\\\|||||\||||\00|\0\ita\d
=041  \\$aita
=100  \\$4aut$aSpadi, Giovanni Battista$921154
=245  \\$aLibro de passaggi ascendenti et descendenti
=260  \\$aBologna$bA. Forni$c1979
=300  \\$a30 pages
=490  \\$aBibliotheca musica Bononiensis$vSezione II N. 55
=700  \\$4edt$aVecchi, Guiseppe$917923
=942  \\$cBOO
=952  \\$00$10$2ddc$40$6TRE_SPAD$70$8TRE$920015$aORPH$bORPH$cKTS1_H$d2020-07-08$eKoopman$i13A30$l0$oTRE SPAD$p20121968$r2021-04-02 00:00:00$w2021-04-02$yBOO
=999  \\$c19930$d19930
=650  \0$aMusic theory$1http://www.wikidata.org/entity/Q193544$92662

