=LDR  01121cam a2200253 a 4500
=001  19933
=005  20250120115934.0
=008  870420s1986\\\\ne\a\\\\\b\\\\001\0\eng\\
=020  \\$a9070907097
=041  0\$aeng$adut$hfre$hlat
=100  \\$aHuygens, Christiaan$d1629-1695$4aut$1http://www.wikidata.org/entity/Q39599$921166
=245  13$aLe cycle harmonique
=260  \\$aUtrecht$bDiapason Press$c1986
=300  \\$a179 pages
=490  \\$aTuning and Temperament Library$vVI
=500  \\$aIncludes the text of Lettre touchant le cycle harmonique, which was published in the Oct. 1691 issue of Histoire des Ouvrages de Sçavans.
=590  \\$aLe cycle harmonique (Rotterdam 1691). Novus cyclus harmonicus (Leiden 1724): with Dutch and English translations
=650  \0$aMusical temperament
=650  \0$aTuning
=650  \0$aMusic Theory
=700  \\$aRasch, Rudolf$d1945-$4edt$1http://www.wikidata.org/entity/Q112427566$913439
=942  \\$cBOO
=952  \\$00$10$2ddc$40$6TRE_HUYG$70$8TRE$920019$aORPH$bORPH$cKTS1_H$d2020-07-08$eKoopman$i13A16$l0$oTRE HUYG$p20126051$r2021-04-07 00:00:00$w2021-04-07$yBOO
=999  \\$c19933$d19933

