=LDR  00988cam a2200253 i 4500
=001  19934
=005  20250120115931.0
=008  770127s1978\\\\ctua\\\\\b\\\\001\0\eng\\
=020  \\$a0300020406
=041  0\$aeng$hlat
=245  00$aHucbald, Guido, and John on Music
=260  \\$aNew Haven$bYale University Press$c1978
=300  \\$axiv-211 pages
=490  \\$aMusic Theory Translation Series$v3
=590  \\$aThree Medieval Treatises
=650  \0$aMusic theory
=700  \\$aHucbald of Saint Amand$d-930$4aut$921167
=700  \\$aGuido d'Arezzo$dc. 991-after 1033$4aut$1http://www.wikidata.org/entity/Q192238$918703
=700  \\$aCotton, John$4aut$921168
=700  \\$aBabb, Warren$4trl$921169
=700  \\$aPalisca, Claude V.$d1921-2001$4edt$4win$1http://www.wikidata.org/entity/Q3313135$913150
=942  \\$cBOO
=952  \\$00$10$2ddc$40$6TRE_HUCB$70$8TRE$920020$aORPH$bORPH$cKTS1_H$d2020-07-08$eKoopman$i25A14$oTRE HUCB$p20129156$r2021-04-07 00:00:00$w2021-04-07$yBOO
=999  \\$c19934$d19934

