=LDR  00836nam a22002177a 4500
=001  19935
=005  20251001162314.0
=008  210407r19881662\\\|||||\||||\00|\0\ger\d
=020  \\$a376180833x
=041  \\$ager$hlat
=100  \\$4aut$aKircher, Athanasius$d1602-1680$1http://www.wikidata.org/entity/Q76738$97040
=245  \\$aMusurgia universalis
=260  \\$aKassel$bBärenreiter$c1988
=300  \\$a375-25-11 pages
=490  \\$aNeudrucke zum Thema Musik und Medizin$vI
=590  \\$aDeutsche Ausgabe 1662
=650  \0$aMusic philosophy and aesthetics$1http://www.wikidata.org/entity/Q2092865$921165
=700  \\$4aft$aGoldhan, Wolfgang$921172
=942  \\$cBOO
=952  \\$00$10$2ddc$40$6TRE_KIRC$70$8TRE$920021$aORPH$bORPH$cKTS1_H$d2020-07-08$eKoopman$i13H18$l0$oTRE KIRC$p20124971$r2021-04-07 00:00:00$w2021-04-07$yBOO
=999  \\$c19935$d19935

