=LDR  00815nam a22001937a 4500
=001  19936
=008  210407r20111773\\\|||||\||||\00|\0\ger\d
=020  \\$a9783487030128
=041  \\$ager
=100  \\$4aut$aKirnberger, Johann Philipp$d1721-1783$1http://www.wikidata.org/entity/Q505543$95305
=245  \\$aDie wahren Grundsätze zum Gebrauch der Harmonie
=260  \\$aHildesheim$bGeorg Olms$c2011
=300  \\$a113-8 pages
=500  \\$aReprint 2nd edition: Berlin und Königsberg 1773
=590  \\$aIm Anhang: Construction der gleichschwebenden Temperatur
=942  \\$cBOO
=952  \\$00$10$2ddc$40$6TRE_KIRN$70$8TRE$920022$aORPH$bORPH$cKTS1_H$d2020-07-08$eKoopman$i13H33$l0$oTRE KIRN$p20124956$r2021-04-07 00:00:00$w2021-04-07$yBOO
=999  \\$c19936$d19936
=650  \0$aMusic theory$1http://www.wikidata.org/entity/Q193544$92662

