=LDR  00922cam a22002051  4500
=001  19937
=005  20250303154641.0
=008  740717r19741781gw\a\\\\\\\\\\000\0\ger\\
=020  \\$a3487050544
=041  \\$ager
=100  \\$aKirnberger, Johann Philipp$d1721-1783$4aut$1http://www.wikidata.org/entity/Q505543$95305
=245  10$aGrundsätze des Generalbasses als erste Linien zur Composition
=260  \\$aHildesheim$bGeorg Olms$c1974
=300  \\$a88-31 pages
=500  \\$aReprint of the 1781-1782 ed. published by J. J. Hummel, Berlin
=590  \\$aIm Anhang: Gedanken über die verschiedenen Lehrarten in der Komposition, als Vorbereitung zur Fugenkenntniss
=650  \0$aMusic theory$1http://www.wikidata.org/entity/Q193544$92662
=942  \\$cBOO
=952  \\$00$10$2ddc$40$6TRE_KIRN$70$8TRE$920023$aORPH$bORPH$cKTS1_H$d2020-07-08$eKoopman$i13A15$l0$oTRE KIRN$p20126052$r2021-04-07 00:00:00$w2021-04-07$yBOO
=999  \\$c19937$d19937

