=LDR  01483cam a2200301 i 4500
=001  19938
=005  20250311101023.0
=008  800510r19751716ge\ag\\\\\\\\\001\0\ger\\
=041  0\$aita$ager$aeng$hita$hger
=100  \\$aLambranzi, Gregorio$dfl. 1716$4aut$1http://www.wikidata.org/entity/Q3116327$921192
=245  10$aNeue und curieuse theatralische Tantz-Schul$nTeil I und II
=260  \\$aLeipzig$bPeters$c1975
=300  \\$a106 pages
=500  \\$aText in German and Italian with translation into English.
=500  \\$aDance tune at head of each illustrated leaf.
=534  \\$cNuremberg: Wolrab, 1716
=648  \0$a18th Century (1701-1800)$1http://www.wikidata.org/entity/Q7015$920899
=650  \0$aDance$1http://www.wikidata.org/entity/Q6034$924845
=650  \0$aNotation$1http://www.wikidata.org/entity/Q233861$91964
=650  \0$aStaging$1http://www.wikidata.org/entity/Q3508687$922118
=651  \0$aNuremberg (Germany)$1http://www.wikidata.org/entity/Q2090$921596
=700  \\$aPuschner, Johann Georg$d1680-1749$4ill$1http://www.wikidata.org/entity/Q1671132$924312
=700  \\$aTalbot, Michael$d1943-$4trl$1http://www.wikidata.org/entity/Q1427144$914335
=700  \\$aPetermann, Kurt$d1930-1984$4aft$919841
=765  \\$aNuova e curiosa scuola de' balli theatrali
=942  \\$cBOO
=952  \\$00$10$2ddc$40$6TRE_LAMB$70$8TRE$920025$aORPH$bORPH$cKTS1_H$d2020-07-08$eKoopman$i13E111$l1$oTRE LAMB$p20121922$r2022-03-23 00:00:00$s2022-02-23$w2021-04-10$yBOO
=999  \\$d19938

