=LDR  01462cam a22002411  4500
=001  19939
=005  20250121142132.0
=008  830107r19281691gw\\\\\\\\\\\\000\0\ger\\
=041  \\$ager
=100  \\$aKuhnau, Johann$d1660-1722$4aut$1http://www.wikidata.org/entity/Q157359$95086
=245  10$aPræcedenz-Streit aus "Battalus der vorwitzige musicant"
=246  \1$aPræcedenza-Streit der Kunst-Pfeiffer und Spiel-Leute
=260  \\$aLeipzig$bKistner & Siegel$c1928
=300  \\$a70 pages
=500  \\$aReproduction of original title-page of "Musicus curiosus, oder Battalus, der vorwitzige musicant", 1691.
=520  \\$a"Das kleine dramatische Spiel, das hier im neudruck vorgelegt wird, steht als Einlage in dem 1691 anonym in Freiberg erschienenen Musikantenroman 'Musicus curiosus oder Battalus ...' Als verfasser ist mit grosser wahrscheinlichkeit Johann Kuhnau anzunehmen ..."--"Nachwort", signed: Arnold Schering.

Also ascribed to W. C. Printz.
=648  \0$a18th Century (1701-1800)$1http://www.wikidata.org/entity/Q7015$920899
=651  \0$aGermany$1http://www.wikidata.org/entity/Q183$9155
=700  \\$4aft$aSchering, Arnold$d1877-1941$1http://www.wikidata.org/entity/Q67576$97759
=942  \\$cBOO
=952  \\$00$10$2ddc$40$6LIT_KUHN_A$70$8LIT$920026$aORPH$bORPH$cKM12_2_H$d2020-07-08$eKoopman$i13H19$oLIT KUHN a$p20124970$r2021-04-10 00:00:00$w2021-04-10$yBOO
=999  \\$c19939$d19939
=650  \0$aPlay (theater)$1http://www.wikidata.org/entity/Q25379$921414

