=LDR  01195cam a2200265 a 4500
=001  19942
=005  20250926134858.0
=008  840305s1984\\\\ctu\\\\\\\\\\\001\0\eng\\
=020  \\$a0300030584
=040  \\$aOI
=041  \\$aeng
=100  \\$aKirkpatrick, Ralph$d1911-1984$4aut$1http://www.wikidata.org/entity/Q597101$912014
=245  10$aInterpreting Bach's Well-tempered Clavier:$bA Performer's Discourse of Method
=260  \\$aNew Haven, CT$bYale University Press$c1984
=300  \\$axvii, 132 p. ;$c22 cm.
=504  \\$aIncludes index.
=561  \\$aEx libris Laura Dobbenga
=600  \0$aBach, Johann Sebastian$d1685-1750$1http://www.wikidata.org/entity/Q1339$94766
=648  \0$a18th Century (1701-1800)$1http://www.wikidata.org/entity/Q7015$920899
=650  \0$aHistorically informed performance$1http://www.wikidata.org/entity/Q1344860$920980
=650  \0$aKeyboard music$1http://www.wikidata.org/entity/Q105715630$921412
=650  \0$aHarpsichord$1http://www.wikidata.org/entity/Q81982$92125
=942  \\$cBOO
=952  \\$00$10$2ddc$40$6BIO_BACH1_E$70$8BIO$920029$aORPH$bORPH$cKTS1_P$d2020-07-08$eKoopman$i44G16$oBIO BACH1 e$p20126860$r2021-04-12 00:00:00$w2021-04-12$yBOO
=999  \\$d19942

