=LDR  00779cam a2200205u  4500
=001  19944
=005  20250120120115.0
=008  841207r19221603xx\\\\\\\\\\\\000\0\ita\\
=041  \\$aita
=100  \\$aConforti, G. B.$4aut$910286
=245  00$aBreue et facile maniera d'essercitarsi a far passaggi
=260  \\$aBerlin$c1922$bMartin Breslauer
=300  \\$a40 pages
=490  \\$aVeröffentlichungen der Musik-Bibliothek Paul Hirsch$v2
=590  \\$aRoma 1593 (?1603)
=700  \\$4edt$aWolf, Johannes$d1869-1947$917542
=942  \\$cBOO
=952  \\$00$10$2ddc$40$6TRE_CONF$70$8TRE$920032$aORPH$bORPH$cKTS1_H$d2020-07-08$eKoopman$i13B12$l0$oTRE CONF$p20124500$r2021-04-13 00:00:00$w2021-04-13$yBOO
=999  \\$c19944$d19944
=650  \0$aMusic theory$1http://www.wikidata.org/entity/Q193544$92662

