=LDR  00830nam a2200205 u 4500
=001  19950
=005  20250715180817.0
=008  090402s19661573xx\\\\\\r\\\\\000\0\ita\d
=041  \\$aita
=100  \\$aZarlino, Gioseffo$d1517-1590$4aut$1http://www.wikidata.org/entity/Q365805$916065
=245  10$aLe istitutioni harmoniche
=260  \\$aWestmead$bGregg$c1966
=300  \\$a428 pages
=500  \\$a"slightly reduced from the original"
=648  \0$a16th Century (1501-1600)$1http://www.wikidata.org/entity/Q7017$920944
=650  \0$aMusic theory$1http://www.wikidata.org/entity/Q193544$92662
=651  \0$aItaly$1http://www.wikidata.org/entity/Q38$922
=942  \\$cBOO
=952  \\$00$10$2ddc$40$6TRE_ZARL$70$8TRE$920038$aORPH$bORPH$cKTS1_H$d2020-07-08$eKoopman$i14G21$l0$oTRE ZARL$p20126234$r2021-04-13 00:00:00$w2021-04-13$yBOO
=999  \\$d19950

