=LDR  00960nam a2200229 a 4500
=001  19954
=005  20250821140456.0
=008  020625s2003\\\\xx\\\\\\r\\\\\000\0\ger\d
=020  \\$a3890073859
=041  \\$ager$aeng
=100  \\$aWerckmeister, Andreas$d1645-1706$4aut$1http://www.wikidata.org/entity/Q61162$94936
=245  10$aMusiktheoretische Schriften
=260  \\$aLaaber$bLaaber-Verlag$c2003
=300  \\$axxi-142-120 pages
=490  0\$aLaaber Reprint$v2
=500  \\$aAnastatische herdruk: Quedlinburg: In Verlegung Theodori Phil. Calvisii, 1702-1707
=590  \\$aHarmonologia musica oder Kurze Anleitung zur musicalischen Composition; Musikalische Paradoxal-Discourse oder Angemeine Vorstellungen
=650  \7$aMusic theory
=700  \\$4win$aBartel, Dietrich$99398
=942  \\$cBOO
=952  \\$00$10$2ddc$40$6TRE_WERC$70$8TRE$920042$aORPH$bORPH$cKTS1_H$d2020-07-08$eKoopman$i13H05$l0$oTRE WERC$p20124984$r2021-04-13 00:00:00$w2021-04-13$yBOO
=999  \\$d19954

