=LDR  01253nam a22002777a 4500
=001  19962
=005  20250930121853.0
=008  210414s2012\\\\\\\|||||\||||\00|\0\mul\d
=020  \\$a9789401406345
=041  \\$adut$deng
=245  \\$aLa Petite Bande:$bDe eerste 40 jaar
=246  \1$aLa Petite Bande: The First 40 Years
=260  \\$aTielt$bLannoo$c2012
=300  \\$a125 pages
=500  \\$aDescribes Sigiswald Kuijken's first orchestral performance using his chin-off technique with Collegium Aureum, on C. P. E. Bach's string symphonies, and the earliest recordings (p. 12).
=610  \0$aLa Petite Bande (Belgium)$921237
=648  \0$a20th Century (1901-2000)$1http://www.wikidata.org/entity/Q6927$920936
=650  \0$aHistorically informed performance$1http://www.wikidata.org/entity/Q1344860$920980
=650  \0$aOrchestra$1http://www.wikidata.org/entity/Q42998$93159
=700  \\$4edt$aLomax, Michael$921234
=700  \\$4edt$aRobberechts, Geert$d1963-$917205
=700  \\$4edt$aVangansbeke, Jan$921235
=700  \\$4ill$aBosquet, Thierry$921236
=942  \\$cBOO
=952  \\$00$10$2ddc$40$6BIO_KUIJ_D$70$8BIO$920050$aORPH$bORPH$cKTS1_P$d2020-07-08$eKoopman$g15.00$oBIO KUIJ d$p20136245$r2021-04-14 00:00:00$w2021-04-14$yBOO
=999  \\$c19962$d19962

