=LDR  01253ndc a22002177a 4500
=001  19963
=008  210415n\\\\\\\\\\\||l|||||||\00|\0\mul\d
=041  \\$adut$ager$afre
=059  \\$aT pf
=100  \\$4asn$aVrugt, Willem Pasques de Chavonnes$d1798-1873$1http://www.wikidata.org/entity/Q15884027$921239
=245  \\$a[Collection of various songs sung by W. P. de C. Vrugt]
=300  \\$a26 pages
=500  \\$aThe Dutch oratorio and concert singer Willem Pasques de Chavonnes Vrugt had the status of a national symbol in the 19th century.
=505  \\$aVerlangen/Sehnsucht / Andreas Romberg -- Adolf bij het graf van Maria. Ballade / J. B. van Bree -- Cavatina. Aus der Oper der Freischütz / C.M. von Weber -- Romance La Fiancée mourante. Aus der Oper der Freischütz / C. M. von Weber
=533  \\$aDigitized by iGuana, Spring 2022
=648  \0$a19th Century (1801-1900)$1http://www.wikidata.org/entity/Q6955$920935
=650  \0$aSong$1http://www.wikidata.org/entity/Q7366$94164
=651  \0$aNetherlands$1http://www.wikidata.org/entity/Q55$9173
=942  \\$cMS
=952  \\$00$10$2ddc$40$6KTS_1_000000000000000_C3_02_08G07$70$8RAR$920051$aORPH$bORPH$cKTS1_C3$d2020-07-08$eKoopman$oKTS1 C3.02 08G07$p20136246$r2021-04-15 00:00:00$w2021-04-15$yMS
=999  \\$d19963

