=LDR  00714nam a22001817a 4500
=001  19969
=008  210416r20021742\\\|||||\||||\00|\0\spa\d
=041  \\$aspa
=100  \\$4aut$aValls, Francisco$921263
=245  \\$aFrancesc Valls: Mapa Armónico Práctico (1742a)
=260  \\$aBarcelona$bConsejo Superior de Investigaciones Cientificas$c2002
=300  \\$a535 pages
=490  \\$aTextos Universitarios$v37
=700  \\$4edt$aSimó, Josep Pavía i $921264
=942  \\$cBOO
=952  \\$00$10$2ddc$40$6TRE_VALL$70$8TRE$920060$aORPH$bORPH$cKTS1_H$d2020-07-08$eKoopman$i14D39$l0$oTRE VALL$p20124652$r2021-04-16 00:00:00$w2021-04-16$yBOO
=999  \\$c19969$d19969
=650  \0$aMusic theory$1http://www.wikidata.org/entity/Q193544$92662

