=LDR  01120cam a22002411  4500
=001  19970
=005  20230123111914.0
=008  740228r19731605xx\\\\\\\\\\\\000\0\dut\\
=020  \\$a906027251x
=041  0\$adut$alat
=100  \\$4aut$aValcooch, D. A.$921265
=245  00$aBrevia musicae rudimenta & D. A. Valcooch: een reghel der Duytsche schoolmeesters (musical part)
=260  \\$aAmsterdam$bF. Knuf$c1973
=300  \\$a41 pages
=490  \\$aEarly Music Theory in the Low Countries$v3
=500  \\$aText of Brevia musicae rudimenta in Dutch and Latin.
=500  \\$aReprint of the 1605 ed. of Brevia musicae rudimenta published by H. L. Haestens, Leiden and of selections from the 1591 ed. of D. A. Valcooch's Een reghel der Duytsche schoolmeesters published by Laurens Jacobsz., Amsterdam.
=650  \0$aMusic theory
=650  \0$aSchool music$xInstruction and study
=700  \\$aNoske, Frits$d1920-1993$4edt$4win$913020
=942  \\$cBOO
=952  \\$00$10$2ddc$40$6TRE_VALC$70$8TRE$920061$aORPH$bORPH$cKTS1_H$d2020-07-08$eKoopman$i13I06$l0$oTRE VALC$p20126406$r2021-04-16 00:00:00$w2021-04-16$yBOO
=999  \\$c19970$d19970

