=LDR  00980cam a2200241   4500
=001  19971
=005  20250820130241.0
=008  710818r19701735enkacg\\\\\\\\000\0\eng\\
=020  \\$a0576289620
=041  \\$aeng
=100  \\$aTomlinson, Kellom$dc. 1690-after 1753$4aut$921266
=245  14$aThe Art of Dancing$band Six Dances
=260  \\$aFarnborough$bGregg$c1970
=300  \\$a159-36 pages
=500  \\$aFacsimile reprints: The art of dancing, originally published London, 1735; Six dances, originally published London, 1720.
=534  \\$cLondon, 1735
=648  \0$a18th Century (1701-1800)$1http://www.wikidata.org/entity/Q7015$920899
=650  \0$aDance
=650  \0$aMethod$1http://www.wikidata.org/entity/Q2250960$921402
=651  \0$aUnited Kingdom$1http://www.wikidata.org/entity/Q21$9273
=942  \\$cBOO
=952  \\$00$10$2ddc$40$6TRE_TOML$70$8TRE$920062$aORPH$bORPH$cKTS1_H$d2020-07-08$eKoopman$i13A02$oTRE TOML$p20126065$r2021-04-16 00:00:00$w2021-04-16$yBOO
=999  \\$d19971

