=LDR  01455cam a2200277 a 4500
=001  19972
=005  20250120115958.0
=008  900116r19881676it\\\\\\\b\\\\000\0\ita\\
=020  \\$a8870960021
=041  \\$aita
=100  \\$aTodini, Michele$dc. 1610/15-1690$4aut$1http://www.wikidata.org/entity/Q20005928$921268
=245  10$aDichiaratione della galleria armonica
=246  \1$aDichiarazione della galleria armonica
=260  \\$aLucca$bLibreria musicale italiana$c1988
=300  \\$axxii-92 pages
=490  \\$aMusurgiana$v2
=500  \\$aThe 'Galleria armonica' was built around 1650 and consisted of three rooms in Todini's house in Rome. It was later transferred to the Seminario Romano where it was curated by Athanasius Kircher. Filippo Bonanni included it in its 'Gabinetto armonico' in 1722 (see 04I19).
=534  \\$cRome: Francesco Tizzoni, 1676
=590  \\$aEretta in Roma da Michele Todini, Piemontese di Saluzzo, nella sua habitatione, posta all'Arco della Ciambella
=648  \0$a17th Century (1601-1700)$1http://www.wikidata.org/entity/Q7016$920923
=650  \0$aOrganology$1http://www.wikidata.org/entity/Q899293$921400
=651  \0$aRome (Italy)$1http://www.wikidata.org/entity/Q220$949
=700  \\$aBarbieri, Patrizio$d?-2024$4edt$910277
=942  \\$cBOO
=952  \\$00$10$2ddc$40$6INS_1B_IT_ROM$70$8INS$920063$aORPH$bORPH$cKTS0$d2020-07-08$eKoopman$i13B25$oINS1b IT.ROM$p20124487$r2021-04-16 00:00:00$w2021-04-16$yBOO
=999  \\$d19972

