=LDR  00698nam a2200181u  4500
=001  19974
=005  20250120120039.0
=008  850206r19661588it\\\\\\\\\\\\000\0\ita\\
=041  \\$aita
=100  \\$aTigrini, Orazio$4aut$921270
=245  03$aIl compendio della musica
=260  \\$aNew York$bBroude Brothers$c1966
=300  \\$a135 pages
=490  \\$aMonuments of Music and Music Literature in Facsimile$vSecond Series-Music Literature XXV
=942  \\$cBOO
=952  \\$00$10$2ddc$40$6TRE_TIGR$70$8TRE$920065$aORPH$bORPH$cKTS1_H$d2020-07-08$eKoopman$i14G18$l0$oTRE TIGR$p20126235$r2021-04-16 00:00:00$w2021-04-16$yBOO
=999  \\$c19974$d19974
=650  \0$aMusic theory$1http://www.wikidata.org/entity/Q193544$92662

