=LDR  00966ccm a2200241 a 4500
=001  19975
=005  20250820130241.0
=008  930524r19861741it\stm\\\i\\\\\n\\\\ita\\
=041  \\$aita$aeng
=100  \\$aTessarini, Carlo$d1690-1766$4aut$1http://www.wikidata.org/entity/Q939898$921271
=245  10$aGramatica di musica
=260  \\$aRome$bLa Stravaganza$c1986
=300  \\$axvii-47 pages
=490  \\$aEssercizi di musica$v1
=500  \\$aOriginally published: Urbino, 1741.
=500  \\$aPref. in English and Italian.
=590  \\$ainsegna il modo facile, e breve per bene imparare di sonare il violino sù la parte
=650  \0$aMethod$1http://www.wikidata.org/entity/Q2250960$921402
=700  \\$4win$aRovighi, Luigi$921272
=700  \\$4trl$aWard-Perkins, Hugh$921273
=942  \\$cBOO
=952  \\$00$10$2ddc$40$6TRE_TESS$70$8TRE$920066$aORPH$bORPH$cKTS1_H$d2020-07-08$eKoopman$i13G01$l0$oTRE TESS$p20124955$r2021-04-16 00:00:00$w2021-04-16$yBOO
=999  \\$c19975$d19975

