=LDR  00720nam a22001697a 4500
=001  19976
=005  20251103105224.0
=008  210419n\\\\\\\\\\\|||||\||||\00|\0\lat\d
=041  \\$alat
=245  \\$aPhilosophia. $bPars secunda: Physica. Ultima pars: metaphysica
=300  \\$a533-98-[6] pages
=500  \\$aNo frontpage. Probable second volume

=500  \\$aon verso of one of the blanco top pages:  "Hubertus Bouchard 1733". Author? Ex Libris?
=650  \0$aPhilosophy$1http://www.wikidata.org/entity/Q5891$92357
=942  \\$cMS
=952  \\$00$10$2ddc$40$6KTS_1_000000000000000_C2_64_10J01_1$70$8RAR$920067$aORPH$bORPH$cKTS1_C1$d2020-07-08$eKoopman$l0$oKTS1 C2.64 10J01_1$p20136266$r2021-04-19 00:00:00$w2021-04-19$yMS
=999  \\$d19976

