=LDR  00954ntm a22002297a 4500
=001  19982
=008  210419n\\\\\\\\\\\||||||||||\00|\0cger\d
=041  \\$ager
=245  \\$aLebensgeschichte des ... Hof und Garde Trompeters Herrn Georg Valentin Bauer; Lebensgeschichte ... von Anna Sabina Bauerin
=300  \\$a12 pages
=533  \\$aDigitized by iGuana, Spring 2022
=600  \0$aBauer, Georg Valentin$d1738-1819$97665
=600  \0$aBauerin, Anna Sabina$dfl. 17xx-18xx$97666
=648  \0$a19th Century (1801-1900)$920935
=650  \0$aBiography$91927
=650  \0$aInstrumentalist$921706
=650  \0$aTrumpet$92388
=650  \0$aCourt$922191
=856  \\$uhttps://drive.google.com/drive/folders/1n_OTEW4mDd-wki3S_-K9ObEYyAX33oX3$3Koopman Digital
=942  \\$cMS
=952  \\$00$10$2ddc$40$6KTS_1_000000000000000_C3_14_12B36$70$8RAR$920073$aORPH$bORPH$cKTS1_C3$d2020-07-08$eKoopman$oKTS1 C3.14 12B36$p20136279$r2021-04-19 00:00:00$w2021-04-19$yMS
=999  \\$d19982

