=LDR  00943cam a2200229 a 4500
=001  19983
=005  20250121142132.0
=008  980507s2000\\\\enk\\\\\\b\\\\001\0\eng\\
=020  \\$a0198165994
=040  \\$aOI
=041  \\$aeng
=100  1\$aPowell, John S.$4aut
=245  10$aMusic and Theatre in France, 1600-1680
=260  \\$aNew York$bOxford University Press$c2000
=300  \\$axvi, 582 p. cm. :$bill. ;$c24 cm.
=504  \\$aIncludes bibliographical references (p. [539]-557) and index.
=648  \0$a17th Century (1601-1700)$1http://www.wikidata.org/entity/Q7016$920923
=648  \0$a18th Century (1701-1800)$1http://www.wikidata.org/entity/Q7015$920899
=942  \\$cBOO
=952  \\$00$10$2ddc$40$6TOP_FR_5_000000000000000$70$8TOP$920074$aORPH$bORPH$cKTS0$d2020-07-08$eKoopman$i25D26$l0$oTOP FR 5$p20129331$r2021-04-20 00:00:00$w2021-04-20$yBOO
=999  \\$c19983$d19983
=650  \0$aMusic history$1http://www.wikidata.org/entity/Q846047$921373

