=LDR  01068nam a22002177a 4500
=001  19995
=008  210422m17061707\\\|||||\||||\00|\i\fre\d
=041  \\$afre
=245  \\$a[2 letters]$bA Monsieur le Juge Royal ...
=260  \\$aBordeaux$c1706-07
=300  \\$a2 sheets$bfolded, writing on both sides
=500  \\$aTwo judicial supplications, dated 9 June 1706 and 15 March 1707
=500  \\$aSigned by Herquin ? 
=563  \\$aBoth sheets are stamped: Gen. de Bordeaux, with their prices. Petit papier un sol 4 d feuille. Moien papier la feuille deux sols. 

=648  \0$a18th Century (1701-1800)$1http://www.wikidata.org/entity/Q7015$920899
=650  \0$aCorrespondence$1http://www.wikidata.org/entity/Q1784733$921392
=650  \0$aLaw$1http://www.wikidata.org/entity/Q7748$93727
=651  \0$aBordeaux (France)$1http://www.wikidata.org/entity/Q1479$924219
=942  \\$cMS
=952  \\$00$10$2ddc$40$6KTS_2_000000000000000_C2_41_26C16$70$8RAR$920087$aORPH$bORPH$cKTS1_C2$d2020-07-08$eKoopman$l0$oKTS2 C2.41 26C16$p20135779$r2021-04-22 00:00:00$w2021-04-22$yMS
=999  \\$d19995

