=LDR  01588nam a22002177a 4500
=001  19997
=008  210423s1984\\\\\\\|||||\||||\00|\0\fre\d
=041  \\$afre$aeng
=100  \\$aSauveur, Joseph$d1653-1716$1http://www.wikidata.org/entity/Q1356811$4aut$921341
=245  \\$aCollected Writings on Musical Acoustics (Paris 1700-1713)
=260  \\$aUtrecht$bThe Diapason Press$c1984
=300  \\$a278 pages
=490  \\$aTuning and Temperament Library$v2
=500  \\$aEight leaves of plates in pocket.
Facsim. reprint. Originally published: Paris, 1700-1713.
Introduction in English.
=520  \\$aSur la détermination d'un son fixe (1701) --
Sur nouveau système dE musique (1701) --
Système général des intervalles des sons (1701) --
Sur l'application des sons harmoniques aux jeux d'orgues (1702) --
Application des sons harmoniques (1702) --
Sur les sistèmes tempérés de musique (1702) --
Méthode générale pour former les systèmes tempérés (1707) --
Sur les systèmes tempérés (1711) --
Table générale de sistèmes de musique (1711) --
Sur les cordes sonores (1713) --
Rapport des sons des cordes d'instruments de musique (1713) --
Eloge de M. Sauveur (1716).
=650  \0$aAcoustics$1http://www.wikidata.org/entity/Q82811$921365
=650  \0$aTuning$1http://www.wikidata.org/entity/Q858576$921655
=700  \\$4edt$aRasch, Rudolf$d1945-$1http://www.wikidata.org/entity/Q112427566$913439
=942  \\$cBOO
=952  \\$00$10$2ddc$40$6TRE_SAUV$70$8TRE$920089$aORPH$bORPH$cKTS1_H$d2020-07-08$eKoopman$i13I08$l0$oTRE SAUV$p20126404$r2021-04-23 00:00:00$w2021-04-23$yBOO
=999  \\$d19997

