=LDR  00617nam a22001097a 4500
=001  19998
=008  210423b\\\\\\\\\\\|||||\||||\00|\0\###\d
=245  \\$a[Duets for clarinet]
=505  \\$a[Duet for clarinet] - Trois duos concertans pour deux clarinettes op. 7/Gambaro - Trois duos concertants pour deux clarinettes ... 4me livre des duos op. 10/Gambaro - Douze duos pour clarinette et cor ou alto op. 5/Kenne
=942  \\$cSCO
=952  \\$00$10$2ddc$40$6KTS_1_000000000000000_C3_07_15E15$70$8RAR$920090$aORPH$bORPH$cKTS1_C3$d2020-07-08$eKoopman$i15E15$l0$oKTS1 C3.07 15E15$p20136310$r2021-04-23 00:00:00$w2021-04-23$ySCO
=999  \\$c19998$d19998

