=LDR  01296cam a22002291  4500
=001  19999
=005  20250120120039.0
=008  760621s1928\\\\xx\\\\\\\\\\\\000\0\dan\\
=041  0\$adan$alat
=100  \\$aSchacht, Matthias Henriksen$d1660-1700$4aut$921342
=245  10$aMusicus danicus eller Danske sangmester
=260  \\$aKopenhagen$bH. Hagerup$c1928
=300  \\$axxxii-400 pages
=500  \\$aPublished with support from the Carlsberg Foundation. Printed in a circulation of 250 copies.

=500  \\$aThe manuscript (previously unpublished) of this work is in the Royal library, Copenhagen (Ny kgl. saml. 109k. Fol.)  The preface is dated 1687.
=520  \\$aBibliotheca musica, sive Authorum musicorum catalogus.--Phonologia, om Siunge-konsten.--Tonologia, om Dee musicaliske intonationer.--Melothesia, om Compositionen.--Tastologia, huorledis mand skal spille een general bass, effter noderne paa eet claveer.
=651  \0$aDenmark$1http://www.wikidata.org/entity/Q35$921295
=700  \\$aSkjerne, Godtfred$4cmm$4win$921343
=942  \\$cBOO
=952  \\$00$10$2ddc$40$6TRE_SCHA$70$8TRE$920091$aORPH$bORPH$cKTS1_H$d2020-07-08$eKoopman$i14I33$l0$oTRE SCHA$p20126263$r2021-04-23 00:00:00$w2021-04-23$yBOO
=999  \\$c19999$d19999
=650  \0$aMusic theory$1http://www.wikidata.org/entity/Q193544$92662

