=LDR  01641cam a22002291  4500
=001  20003
=005  20250120115844.0
=008  750611r19261639xx\\\\\\\\\\\\000\0\ita\\
=041  0\$aita$ager$hita
=100  \\$aSabbattini, Nicola$d1574-1654$4aut$1http://www.wikidata.org/entity/Q3339903$97575
=245  10$aAnleitung Dekorationen und Theatermaschinen herzustellen
=260  \\$aWeimar$bGesellschaft der Bibliophilen$c1926
=300  \\$a291 pages
=500  \\$aOriginal title: Pratica di fabricar scene, e machine ne' teatri di Nicola Sabbattini da Pesaro, già architetto dei serenissimo duca Francesco Maria Feltrio della Rouere, vltimo signore di Pesaro. Ristampata di nouo coll' aggiunta del secondo libro. All'illustriss. e reuerendiss. sig. monsig. Honorato Visconti, arciuescouo di Larissa della prouincia di Romagna, & essarcato di Rauenna presidente. Con privilegio. [Coat-of-arms of the archbishop] In Ravenna, Per Pietro de'Paoli, e Gio. Battista Giouannelli, stampatori camerali, 1638. Con licenza de' superiori.
=590  \\$aAnleitung dekorationen und theatermaschinen herzustellen, von Nicola Sabbattini, 1639 [i.e. 1638]; übersetzt und mitsamt dem urtext herausgegeben, von Willi Flemming.
=650  \0$aTheaters$xStage-setting and scenery
=651  \0$aItaly$1http://www.wikidata.org/entity/Q38$922
=700  \\$aFlemming, Willi$d1888-1980$4edt$4trl$910891
=765  \\$aPratica di fabricar scene, e machine ne'teatri
=942  \\$cBOO
=952  \\$00$10$2ddc$40$6TRE_SABB$70$8TRE$920096$aORPH$bORPH$cKTS1_H$d2020-07-08$eKoopman$i14G03$l1$m3$oTRE SABB$p20126249$r2022-08-08 00:00:00$s2022-05-19$w2021-04-23$yBOO
=999  \\$c20003$d20003

