=LDR  02647ndm a22003377a 4500
=001  20005
=008  210426b\\\\\\\\\\\||a|||||||\00|\0\ita\d
=041  \\$aita
=245  \\$aMd De Mirville
=246  \1$aMadame de Mirville
=260  \\$as.l.$cs.d.
=500  \\$aCollection of arias for soprano in different hands. Some arias have the name [Mlle Monville] on top. Could this be a collection for the soprano Mlle Monville (?-1768), the creator of Œnone, Phèdre's confidante in Rameau's 'Hippolyte et Aricie' in 1733? She was equally casted in 'Achille et Deidamie' by Campra, 'Scanderberg' by Francœur & Rebel, 'Les Voyages de l'Amour' by Boismortier and 'Le Triomphe de l'Harmonie' by Grenet.
=500  \\$aThe aria in E Major "So che fedele" could derive from Sacchini's 'Creso' (Naples, 1765); while the aria in E-flat Major "Pavento ah giusti Dei" could derive from Sacchini's 'Montezuma' (London, 1775) 
=500  \\$a"Sur un rocher désert" is not Collin de Blamont's cantata, as the seller thought 
=500  \\$aThe B-flat Major aria "Ah se in benigne stelle" has a lyric from Metastasio's 'L'Eroe cinese' (Vienna, 1752); this manuscript is signed by the copyist, Lalance
=500  \\$aThe text of "Berenice che fai" is taken from Metastasio's 'Antigono' (1743) 
=505  \\$gIo che fedele no è qual core-Pavento, ah! Giusti Dei -- Imitero suvente il rosignol canoro -- Air de Circé: Sur un rocher désert -- Ah se in ciel benigne stelle -- La Prima Vera. Cantata -- Scena Italiano. Berenice che fai
=533  \\$aDigitized by iGuana, Spring 2022
=648  \0$a18th Century (1701-1800)$1http://www.wikidata.org/entity/Q7015$920899
=650  \0$aOpera$1http://www.wikidata.org/entity/Q1344$92468
=650  \0$aAria$1http://www.wikidata.org/entity/Q178122$921592
=650  \0$aItalian$1http://www.wikidata.org/entity/Q652$924225
=651  \0$aFrance$1http://www.wikidata.org/entity/Q142$9131
=700  \\$4cmp$aSacchini, Antonio$d1730-1786$1http://www.wikidata.org/entity/Q366727$94759
=700  \\$4cmp$aLanglé, Honoré$d1741-1807$1http://www.wikidata.org/entity/Q322867$97031
=700  \\$4lbt$aMetastasio, Pietro$d1698-1782$1http://www.wikidata.org/entity/Q29473$96031
=856  \\$uhttps://uv-v4.netlify.app/#?manifest=https://sharedcanvas.be/IIIF/manifests/7197be27-4a13-11ed-8178-b6471b312c6c$3IIIF
=856  \\$uhttps://sharedcanvas.be/IIIF/manifests/7197be27-4a13-11ed-8178-b6471b312c6c$3IIIF manifest
=942  \\$cMS
=952  \\$00$10$2ddc$40$6KTS_1_000000000000000_C1_27_16D04$70$8RAR$920098$aORPH$bORPH$cKTS1_C1$d2020-07-08$eKoopman$l0$oKTS1 C1.27 16D04$p20136321$r2021-04-26 00:00:00$w2021-04-26$yMS
=999  \\$d20005

