=LDR  00896cam a2200205u  4500
=001  20012
=005  20250121142132.0
=008  831201r19691782gw\||||||||||\0\\\|\ger\\
=041  \\$ager
=100  \\$aReichardt, Johann Friedrich$d1752-1814$4aut$1http://www.wikidata.org/entity/Q213742$95430
=245  10$aMusikalisches Kuntsmagazin
=260  \\$aHildesheim$bOlms$c1969
=300  \\$a126 pages
=648  \0$a18th Century (1701-1800)$1http://www.wikidata.org/entity/Q7015$920899
=650  \0$aMusic criticism$1http://www.wikidata.org/entity/Q11748889$921598
=650  \0$aPeriodical$1http://www.wikidata.org/entity/Q1002697$921106
=651  \0$aBerlin (Germany)$1http://www.wikidata.org/entity/Q64$948
=942  \\$cBOO
=952  \\$00$10$2ddc$40$6TRE_REIC2$70$8TRE$920105$aORPH$bORPH$cKTS1_H$d2020-07-08$eKoopman$i14G01$l0$oTRE REIC2$p20126251$r2021-04-29 00:00:00$w2021-04-29$xWrong label?$yBOO
=999  \\$d20012

