=LDR  02212nam a22002177a 4500
=001  20015
=008  210429n\\\\\\\\\\\|||||\||||\00|\0\fre\d
=245  \\$aNotes.$bEncore quelques détails intéressants sur Roland de Lattre
=260  \\$c18xx [?]
=300  \\$a2 pages
=336  \\$aprinted
=500  \\$aFragment. pages XVI-XVII from an unknown publication
=501  \\$aNotice biographique sur Roland Delattre, connu sous le nom d'Orland de Lassus
Roland de Lattre
Biographie. Orlando Lasso et Jean Mielich à la cour d'Albert à Munich
Biographie montoise : Roland de Lattre
Analyse bibliographique d'un recueil de chansons d'Orlandus Lassus
Couplets adressés à la Société Roland Delattre le 22 novembre 1847, fête de Ste Cecile
Roland de Lattre : poème composé à l'occasion de [du?] premier concert donné à Mons le 22 novembre 1848 pour l'érection d'une statue à la mémoire de cet illustre musicien
Mons … Pose solennelle de la premiere pierre pour la statue de Roland de Lattre
Roland de Lattre : biographie
Roland de Lattre. Drame historique en un acte et en vers, mêlé de chant
Rapport de M. Schayes sur un lettre de M. Gachet, relative à la mutilation des noms des grands hommes
Roland de Lassus. Lettre à MM. de l'Académie de Belgique, sur la mutilation des noms des grands hommes
De la part que la Société des Sciences du Hainaut a prise a l'érection de la statue d'Orlande de Lassus, celebre compositeur Montois
Roland de Lattre : sa vie, ses ouvrages
Roland de Lassus. Iconografie montoise
Roland de Lattre. Journal des Sociétés
Roland de Lassus. Annales Cercle Archéologique
=600  \0$aLassus, Orlandus$d1530/32-1594$1http://www.wikidata.org/entity/Q154792$96856
=648  \0$a16th Century (1501-1600)$1http://www.wikidata.org/entity/Q7017$920944
=648  \0$a19th Century (1801-1900)$1http://www.wikidata.org/entity/Q6955$920935
=650  \0$aMusic history$1http://www.wikidata.org/entity/Q846047$921373
=773  \\$020006$t[Lassus Collection]$w20006
=942  \\$cBOO
=952  \\$00$10$2ddc$40$6KTS_1_000000000000000_C1_20_16D07G$70$8RAR$920108$aORPH$bORPH$cKTS1_C1$d2020-07-08$eKoopman$i16D07g$l0$oKTS1 C1.20 16D07g$r2021-04-29 00:00:00$w2021-04-29$yBOO
=999  \\$c20015$d20015

