=LDR  01223cam a2200205   4500
=001  20016
=005  20250912100522.0
=008  680301s1972\\\\xx\cgk\\\\\\\\000\0bfre\\
=041  \\$afre$aeng
=100  \\$aRameau, Jean-Philippe$d1683-1764$4aut$1http://www.wikidata.org/entity/Q1145$94787
=245  14$aComplete Theoretical Writings
=260  \\$bAmerican Institute of Musicology$c1972
=300  \\$axliii-533-xcix pages
=490  \\$aMiscellanea$v3
=520  \\$av. 1. Traité de l'harmonie réduite à ses principes naturels.--v. 2. Nouveau systéme de musique théorique (1726)--v. 3. Génération harmonique (1737). Démonstration du principe de l'harmonie (1750). Observations sur notre instinct pour la musique (1754)--v. 4. Code de musique pratique avec de Nouvelles reflexions sur le principe sonore (1760). Lettre à M. d'Alembert. Origine des sciences.--v. 5. Minor works (1732-1761)--v. 6. Last writings (1762-1764). Misc. items (1723-1762)
=650  \0$aMusic Theory
=700  \\$aJacobi, Erwin Reuben$d1909-1979$4edt$918302
=942  \\$cBOO
=952  \\$00$10$2ddc$40$6TRE_RAME$70$8TRE$920109$aORPH$bORPH$cKTS1_H$d2020-07-08$eKoopman$i14I36$l0$oTRE RAME$p20126260$r2021-04-29 00:00:00$w2021-04-29$yBOO
=999  \\$c20016$d20016

