=LDR  00662cam a22001931  4500
=001  20017
=005  20230123100105.0
=008  820928r19691482it\a\\\\\b\\\\000\0\lat\\
=041  \\$alat$aita
=100  \\$aRamos de Pareja, Bartolomeo$d1440?-$4aut$914370
=245  10$aMusica practica
=260  \\$aBologna$bForni$c1969
=300  \\$a95 pages
=490  \\$aBibliotheca musica Bononiensis$vSezione II N. 3
=500  \\$aFacsim. of the Bologna 1482 ed.
=650  \0$aMusic theory
=942  \\$cBOO
=952  \\$00$10$2ddc$40$6TRE_RAMO$70$8TRE$920110$aORPH$bORPH$cKTS1_H$d2020-07-08$eKoopman$i14G09$l0$oTRE RAMO$p20126243$r2021-04-29 00:00:00$w2021-04-29$yBOO
=999  \\$c20017$d20017

