=LDR  01541cam a2200277   4500
=001  20018
=005  20250120120545.0
=008  720314r19711614ne\\\\\\\\\\\\000\0\eng\\
=020  \\$a9022104095
=041  \\$aeng
=100  \\$aRavenscroft, Thomas$d1588-1635$4aut$921385
=245  12$aA Briefe Discourse of the True Use of Charact'ring the Degrees
=260  \\$aAmsterdam$bTheatrum Orbis Terrarum$c1971
=300  \\$a80 pages
=490  \\$aThe English Experience$v409
=500  \\$aThe part-songs are by Ravenscroft, John Bennet, and Edward Pearce.
=534  \\$cLondon: printed by E. Allde for T. Adams, 1614.
=590  \\$aA briefe discourse of the true (but neglected) use of charact'ring the degrees by their perfection, imperfection, and diminution in measurable musicke, against the common practise and custome of these times. Examples whereof are exprest in the harmony of 4. voyces, concerning the pleasure of 5. vsuall reacreations: hunting, hawking, dauncing, drinking, enamouring.
=648  \0$a17th Century (1601-1700)$1http://www.wikidata.org/entity/Q7016$920923
=650  \0$aMusic theory$1http://www.wikidata.org/entity/Q193544$92662
=650  \0$aHarmony$1http://www.wikidata.org/entity/Q184421$92358
=650  \0$aScale$1http://www.wikidata.org/entity/Q179651$923615
=651  \0$aUnited Kingdom$1http://www.wikidata.org/entity/Q21$9273
=942  \\$cBOO
=952  \\$00$10$2ddc$40$6TRE_RAVE$70$8TRE$920111$aORPH$bORPH$cKTS1_H$d2020-07-08$eKoopman$i12D01$oTRE RAVE$p20135788$r2021-04-29 00:00:00$w2021-04-29$yBOO
=999  \\$d20018

