=LDR  00889cam a22002171  4500
=001  20022
=005  20250311101023.0
=008  790321r19571651enkg\\\\\b\\\\001\0\eng\\
=041  \\$aeng
=100  \\$4aut$aPlayford, John$d1623-1686?$1http://www.wikidata.org/entity/Q1282455$95782
=245  10$aThe English Dancing Master
=260  \\$aLondon$bSchott$c1957
=300  \\$axxxi-90 pages
=500  \\$aTunes, followed by directions for each dance.
=648  \0$a17th Century (1601-1700)$1http://www.wikidata.org/entity/Q7016$920923
=650  \0$aDance$1http://www.wikidata.org/entity/Q6034$924845
=651  \0$aUnited Kingdom$1http://www.wikidata.org/entity/Q21$9273
=700  \\$aDean-Smith, Margaret$4win$921393
=942  \\$cBOO
=952  \\$00$10$2ddc$40$6TRE_PLAY$70$8TRE$920117$aORPH$bORPH$cKTS1_H$d2020-07-08$eKoopman$i14D25$oTRE PLAY$p20124666$r2021-04-30 00:00:00$w2021-04-30$yBOO
=999  \\$d20022

