=LDR  00798cam a22002051  4500
=001  20023
=005  20250820153550.0
=008  720315r19691684it\af\\\\\\\\\000\0\ita\\
=041  \\$aita
=100  \\$aPenna, Lorenzo$d1613-1693$4aut$1http://www.wikidata.org/entity/Q44486869$94880
=245  13$aLi primi albori musicali
=260  \\$aBologna$bForni$c1969
=300  \\$a198 pages
=490  \\$aBibliotheca musica Bononiensis$vSezione II N. 38
=500  \\$aReproduction of the Bologna 1684 ed.
=650  \0$aBasso continuo$1http://www.wikidata.org/entity/Q724321$921065
=700  \\$4edt$aVecchi, Guiseppe$917923
=942  \\$cBOO
=952  \\$00$10$2ddc$40$6TRE_PENN$70$8TRE$920118$aORPH$bORPH$cKTS1_H$d2020-07-08$eKoopman$i14G06$l0$oTRE PENN$p20126246$r2021-04-30 00:00:00$w2021-04-30$yBOO
=999  \\$c20023$d20023

