=LDR  01218adm a2200253   4500
=001  20024
=008  210430n\\\\\\\\\\\||ld||||||\00|\0\lat\d
=041  \\$alat
=059  \\$aSAB 2cl 2hrn 2vn timp org
=245  \\$aJubilate Deo
=260  \\$as.l.$cs.d.
=300  \\$a24 pages
=501  \\$aBound in with '4 Antiphonen', 'Offertorium pastorale' and 'Predigtlied'

=533  \\$aDigitized by iGuana, Spring 2022
=648  \0$a19th Century (1801-1900)$1http://www.wikidata.org/entity/Q6955$920935
=650  \0$aChurch music$1http://www.wikidata.org/entity/Q8812109$92283
=650  \0$aPsalm$1http://www.wikidata.org/entity/Q12497663$92164
=651  \0$aLinz (Austria)$1http://www.wikidata.org/entity/Q41329$924145
=773  \\$020010$t[Music Manuscript from Linz]$w20010
=856  \\$uhttps://uv-v4.netlify.app/#?manifest=https://sharedcanvas.be/IIIF/manifests/71978461-4a13-11ed-8178-fed5149c8eef$3IIIF
=856  \\$uhttps://sharedcanvas.be/IIIF/manifests/71978461-4a13-11ed-8178-fed5149c8eef$3IIIF manifest
=942  \\$cMS
=952  \\$00$10$2ddc$40$6KTS_1_000000000000000_C2_40_26C06D$70$8RAR$920120$aORPH$bORPH$cKTS1_C2$d2020-07-08$eKoopman$oKTS1 C2.40 26C06d$p20136364d$r2021-04-30 00:00:00$w2021-04-30$yMS
=999  \\$d20024

