=LDR  00895cam a22002051  4500
=001  20027
=005  20250120120347.0
=008  740605r19671699nyug\\\\\\\\\\000\0\fre\\
=041  \\$afre$aeng
=100  \\$aMasson, Charles$dfl. 1680-1700$4aut$1http://www.wikidata.org/entity/Q57634854$95944
=245  10$aNouveau traitè des règles pour la composition de la musique
=260  \\$aNew York$bDa Capo Press$c1967
=300  \\$axi-120-7 pages
=490  0\$aDa Capo Press music reprint series
=500  \\$a"An unabridged republication of the second edition published in Paris in 1699."
=650  \0$aComposing$1http://www.wikidata.org/entity/Q92186587$93076
=700  \\$4win$aHorsley, Imogene$d1919-1981$921399
=942  \\$cBOO
=952  \\$00$10$2ddc$40$6TRE_MASS$70$8TRE$920125$aORPH$bORPH$cKTS1_H$d2020-07-08$eKoopman$i13H07$l0$oTRE MASS$p20124982$r2021-04-30 00:00:00$w2021-04-30$yBOO
=999  \\$c20027$d20027

